2582 3992
153 2998 168 3026 0

235 194 297 256 140
559 193 591 245 v.
619 191 768 274 menam
787 191 866 244 unu.

234 343 352 410 Caesar
378 342 434 407 ille
461 345 573 406 auctor
598 342 696 405 uestri
719 341 859 405 nominis
886 359 958 404 euru
980 339 1202 404 Romanorum

233 428 354 512 primus
377 427 545 510 intrasset,
576 427 674 491 alium
701 447 734 489 se
756 427 865 490 orbem
886 427 1045 488 terrarum
1074 425 1204 508 scripsit

233 511 429 596 repperisse,
463 513 572 575 tantae
599 509 832 595 magnitudinis
866 509 1043 574 arbitratus
1068 513 1109 574 ut
1135 530 1204 573 non

234 595 424 661 circumfusa
455 615 588 679 oceano,
627 595 682 658 sed
712 595 876 678 complexa
908 595 1014 678 ipsum
1047 613 1202 658 oceanum

208 681 405 745 suidererur.
451 680 614 745 sedenim
642 679 698 743 illa
720 681 824 744 aetate
851 699 912 742 nec
936 677 1106 741 Britannia
1129 677 1202 742 ullis

235 769 304 830 erat
332 763 372 828 ad
400 765 515 829 nauale
536 764 657 828 bellum
685 766 809 828 armata
833 763 973 848 nauigiis
1001 765 1035 826 et
1055 761 1204 826 Romana

234 870 284 913 res
311 849 387 913 inde
416 850 481 913 iarn
509 871 528 912 a
556 847 687 913 Punicis
715 847 930 932 Asiaticisque
957 845 1068 928 bellis,
1105 848 1203 910 etiam

233 934 356 997 recenti
378 935 551 998 exercitata
566 931 706 998 Piratioo
729 935 761 997 et
778 932 954 1016 posteriore
969 929 1204 1013 Mithridation,

233 1039 300 1082 non
327 1018 432 1101 magis
459 1018 602 1082 terrestri
630 1038 727 1101 quam
751 1017 860 1082 nauali
886 1037 947 1081 usu
974 1016 1119 1100 uigebat
1165 1018 1204 1079 ad

197 1122 222 1160 ro
235 1103 296 1165 hoc
317 1102 406 1165 natio
429 1102 524 1166 etiam
545 1104 623 1166 tunc
645 1101 733 1166 rudis
755 1106 787 1166 et
808 1102 884 1166 solis
907 1099 1082 1188 [Britanni]
1102 1099 1205 1164 Pictis

233 1185 328 1250 modo
350 1188 382 1250 et
397 1183 550 1250 Hibernis
571 1189 697 1250 assueta
716 1185 872 1266 hostibus,
894 1185 999 1250 adhuc
1014 1185 1205 1268 seminudis
1272 1269 1273 1272 Ἴ

234 1269 330 1334 facile
352 1268 506 1336 Romanis
528 1272 625 1336 armis
647 1271 810 1356 signisque
833 1270 938 1354 cessit,
961 1289 1061 1354 prope
1084 1272 1122 1334 ut
1142 1267 1204 1334 hoc
1272 1275 1273 1280 ’

234 1376 299 1419 uno
316 1354 434 1421 Caesar
448 1355 578 1440 gloriari
600 1356 636 1420 in
657 1357 714 1420 illa
731 1354 935 1439 expeditione
957 1354 1104 1419 debuerit
1119 1355 1204 1440 quod

234 1441 310 1504 naui
335 1443 420 1504 asset
441 1461 607 1504 oceanum.

197 1543 221 1582 1⁵
346 1523 372 1587 I.
395 1524 463 1589 isto
483 1545 560 1588 uero
581 1524 705 1590 nefario
720 1523 889 1588 latrocinio
910 1523 1048 1588 abducta
1064 1523 1204 1607 primum

236 1607 311 1671 afu
337 1608 421 1674 iente
443 1609 548 1692 pirata
569 1609 679 1693 classe,
702 1630 783 1694 quae
805 1608 883 1672 olim
899 1607 1020 1672 Gallias
1041 1608 1203 1690 tuebatur,
1273 1609 1274 1614 ’

235 1629 473 1776 aedideatisque
494 1697 660 1778 praeterea
680 1693 826 1777 plurimis
848 1693 883 1756 in
903 1695 1050 1756 nostrum
1073 1692 1205 1756 modum

234 1777 385 1860 nauibus,
413 1781 568 1874 occupata
596 1779 723 1862 legione
744 1777 905 1875 Romana,
934 1776 1120 1876 interclusis
1149 1776 1204 1874 ali·
1274 1851 1275 1854 Ἴ

196 1963 222 2003 20
235 1863 1086 2030 tillittiitiirmilllturriti&illiti
1101 1860 1205 2029 :tt
1274 1953 1275 1960 κ

235 2031 385 2177 ium
404 2029 737 2196 estrimes
754 2031 1204 2179 adureretur

235 2196 321 2261 illius
337 2199 502 2261 auctorum
519 2198 705 2296 magisterio
720 2137 864 2283 eruditis,
887 2137 1079 2264 exerditibus
1096 2136 1205 2262 anilem
1275 2211 1276 2224 ¹

236 2281 352 2345 uestris
375 2279 451 2345 licet
478 2281 607 2347 inuictis
635 2283 769 2368 uirtute,
797 2284 964 2348 tamenin
985 2305 1020 2346 re
1043 2283 1207 2347 maritima

197 2382 222 2422 2⁵
235 2365 344 2429 nouis:
379 2366 498 2430 malam
528 2367 682 2433 coaluisse
715 2390 754 2432 ex
781 2368 1006 2451 indignissimo
1033 2367 1207 2431 latrocinio

235 2449 312 2514 belli
343 2450 460 2515 molem
487 2453 701 2535 ponebamus,
737 2453 814 2517 licet
842 2453 881 2516 de
906 2448 996 2516 ¹cuitu
1022 2451 1205 2516 fideremus.

234 2555 310 2597 nam
339 2537 370 2598 et
393 2540 572 2601 accesserat
594 2535 745 2602 diuturna
772 2536 900 2601 sceleris
922 2536 1100 2620 impunitas
1146 2556 1205 2598 uae

236 2617 475 2764 desperatorum
497 2619 663 2684 hominum
690 2621 819 2684 inflarat
846 2620 1026 2702 audaciam,
1056 2623 1094 2683 ut
1115 2557 1205 2684 iilam

235 2701 288 2766 ine
302 2704 473 2767 amentiam
498 2704 612 2786 maris,
645 2726 725 2790 quae
750 2703 918 2769 uictoriam
944 2707 1089 2769 uestram
1110 2703 1206 2768 fatali

198 2804 223 2844 ³0
236 2785 371 2870 quadam
393 2789 583 2854 necessitate
605 2788 786 2868 distulerat,
809 2809 868 2872 pro
890 2788 939 2853 sui
960 2793 1085 2852 terrore
1107 2790 1206 2852 iacta-

304 3046 319 3094 5
337 3043 407 3093 enim
424 3044 459 3093 A:
479 3059 539 3093 oum
557 3044 590 3092 W
608 3049 670 3094 cani
686 3044 741 3093 (tV
760 3057 793 3093 ea
811 3042 831 3092 B
855 3039 866 3108 ΙΙ
889 3041 904 3092 8
923 3043 1077 3108 posteriore
1096 3044 1206 3106 scripsi:

235 3111 377 3174 propriore
395 3109 423 3159 ii
440 3112 567 3176 propiore
586 3109 661 3164 Beri.
680 3111 770 3175 priore
791 3111 922 3161 Liuineius
942 3108 953 3176 ll
977 3112 1008 3160 10
1026 3111 1110 3160 etiam
1128 3109 1205 3159 natio

235 3184 301 3224 tune
319 3177 393 3227 Bere.
409 3181 414 3242 Ι
428 3178 512 3228 rudes
529 3178 552 3225 A
569 3178 591 3226 V
607 3189 626 3226 u
640 3174 645 3242 Ι
660 3175 728 3226 solis
746 3189 784 3227 rr:
804 3177 856 3228 soli
873 3175 920 3242 11
940 3177 1070 3227 Britanni
1088 3178 1181 3228 seclusi
1198 3173 1207 3241 ll

236 3243 267 3290 11
287 3245 392 3294 assueti
410 3254 438 3296 er
454 3244 589 3295 seminudi
607 3242 654 3309 wi
673 3245 704 3293 12
725 3246 811 3294 cessit
827 3248 936 3309 scripsi:
955 3241 1139 3296 cesserunt!
1174 3244 1207 3292 16

234 3309 332 3359 ruebat
349 3311 372 3358 A
383 3312 404 3360 B
416 3316 433 3361 0
446 3312 469 3360 V
484 3309 495 3376 l
513 3313 544 3362 17
564 3327 616 3377 quc
635 3328 681 3362 om.
701 3314 718 3359 0
736 3308 748 3376 l
764 3315 796 3364 23
815 3314 937 3364 auctoris
955 3313 1030 3364 Bari.
1049 3313 1128 3376 Cusp.
1173 3312 1208 3360 24

234 3378 335 3426 neutris
352 3378 375 3425 A
387 3379 403 3428 0
416 3381 438 3428 V
449 3381 483 3429 W
500 3377 591 3429 Bert:
609 3379 712 3430 nostris
729 3377 751 3425 Β
768 3381 828 3430 edd.
853 3377 864 3444 l
893 3383 928 3432 20
944 3377 1056 3444 malam]
1076 3385 1207 3444 magnam

234 3443 380 3498 Acidaliusr
407 3461 440 3495 on
458 3447 584 3496 tantam?
616 3445 627 3510 ΙΙ
659 3447 692 3496 26
717 3449 888 3510 ponebamus
906 3450 1015 3513 scripsi:
1037 3447 1208 3498 audebamus

234 3509 257 3556 A
269 3509 290 3556 B
302 3511 319 3558 0
331 3511 353 3558 V
364 3510 440 3562 Bert.
459 3512 638 3563 audiebamus
657 3513 689 3562 W
707 3515 765 3564 edd.
783 3513 793 3580 {l
810 3517 842 3564 29
862 3520 984 3566 nostram
1002 3517 1053 3564 iat.
1072 3516 1131 3568 edd.
