2582 3992
408 259 411 266 .
437 204 651 256 1111111101).
677 206 785 255 n-ce,
1054 203 1092 266 71

120 352 275 416 debonis
297 353 451 436 malisque
466 353 666 436 principibus
687 375 755 416 non
771 355 898 417 tantum
919 356 993 436 post
1007 355 1095 436 ipsos

124 438 280 520 iudicare3
308 441 471 520 postremo
493 441 530 500 ut
554 437 770 520 experimento
794 441 1041 521 cognosceretur
1064 441 1095 501 et

120 525 203 585 ante
224 542 284 585 nos
306 525 431 605 gratos,
461 522 516 585 sed
537 521 670 586 miseros
699 543 748 586 eos
768 523 867 586 fuisse
888 521 1003 605 quibus
1026 543 1095 586 esse

123 627 184 670 nos
211 610 322 690 gratos
348 605 482 688 probare
511 609 607 669 antea
633 627 700 669 non
728 606 829 670 licuit.
874 610 993 689 atqua
1020 627 1094 669 con-

122 691 286 772 tentione,
309 712 371 773 quo
394 691 486 771 nixu,
509 690 837 775 quibusclamoribns
858 689 1120 774 expostulatumc

124 777 176 838 est
198 796 239 838 ne
261 775 394 838 affectus
415 779 560 856 nostros,
592 797 633 838 ne
655 779 712 838 tua
734 776 848 840 merita
870 774 1093 857 supprimeres,
1188 847 1190 849 ,

127 859 264 942 denique
287 862 324 922 ut
345 859 380 922 in
400 863 562 942 posterum
584 859 729 942 exemplo
748 860 945 944 prouideresi
970 858 1096 922 discant

127 946 160 1006 et
178 943 341 1026 principes
362 943 608 1008 acclamationes
630 966 721 1008 ueras
735 944 897 1028 falsasque
914 943 1095 1008 discernere
1135 947 1137 950 ’

125 1027 330 1110 habeantque
356 1029 496 1092 muneris
518 1029 567 1091 tui
589 1029 673 1111 quod
699 1029 763 1092 iam
787 1028 891 1111 decipi
918 1049 985 1092 non
1006 1031 1094 1112 pote-

127 1116 214 1174 runt.
259 1133 325 1175 non
347 1112 570 1176 instruendum
592 1112 654 1176 illis
678 1113 739 1177 iter
761 1114 801 1177 ad
823 1114 941 1177 bonam
961 1113 1093 1193 famam,
1108 1133 1133 1171 10

127 1197 183 1260 sed
205 1217 272 1260 non
294 1197 513 1280 deserendum,
537 1218 604 1261 non
626 1197 845 1262 submouenda
868 1197 1017 1279 adulatio,
1040 1196 1095 1260 sed

126 1302 195 1344 non
222 1280 401 1344 reducenda
430 1285 488 1345 est.
534 1285 656 1346 certum
686 1286 733 1345 est
760 1284 792 1345 et
819 1303 900 1365 quae
927 1281 1035 1344 facere
1064 1286 1096 1345 et

127 1387 208 1448 quae
238 1365 376 1428 debeant
403 1366 530 1450 audire,
565 1366 592 1429 si
621 1366 753 1429 faciant.
803 1366 879 1450 quid
911 1387 1000 1429 nune
1034 1386 1094 1449 ego

125 1470 223 1532 super
253 1471 289 1513 ea
314 1471 396 1533 quae
424 1473 494 1514 sum
523 1473 596 1514 cum
622 1452 691 1513 toto
720 1454 833 1514 senatu
859 1454 1008 1533 precatus
1036 1470 1094 1532 pro

126 1537 243 1598 senatu
267 1555 392 1617 precer,
422 1535 486 1598 nisi
512 1537 549 1598 ut
570 1533 701 1598 haereat
728 1535 835 1599 animo
864 1539 920 1598 tuo
943 1535 1096 1618 gaudium
1109 1553 1133 1592 15

126 1618 213 1702 quod
227 1622 307 1682 tunc
322 1617 421 1682 oculis
436 1619 613 1701 protulisti·
631 1641 718 1682 ames
733 1618 824 1682 illum
839 1619 922 1682 diem
941 1624 973 1681 et
986 1623 1096 1682 tamen

126 1704 254 1781 uineae,
284 1724 368 1766 noua
395 1703 561 1783 merearis,
591 1724 677 1766 noua
699 1702 832 1767 audias?
878 1702 987 1768 eadem
1010 1702 1096 1765 enim

126 1787 191 1850 dici
213 1787 278 1850 nisi
299 1788 387 1851 facta
407 1809 495 1853 nono
516 1792 627 1853 ussum
647 1808 713 1851 non
735 1789 880 1870 possunt.

192 1869 338 1937 LXXVI.
388 1871 457 1936 Iam
479 1893 574 1955 quam
596 1871 779 1954 antiquum,
813 1892 907 1954 quam
931 1870 1096 1935 consulare

128 1955 212 2038 quod
234 1955 376 2020 triduum
397 1959 502 2020 totum
530 1960 659 2020 senatus
683 1957 741 2020 sub
765 1955 909 2039 exemplo
931 1956 979 2019 tui
1001 1954 1094 2036 sedit,
1109 1976 1134 2015 1ο

126 2061 202 2103 eum
227 2040 351 2104 interea
376 2040 460 2104 nihil
481 2045 609 2125 praeter
637 2041 800 2106 consulem
828 2042 954 2124 ageres!
999 2040 1096 2103 inter-

128 2126 261 2208 rogatus
284 2125 390 2189 orauit
405 2125 537 2209 quisque
553 2126 636 2210 quod
651 2125 791 2210 placuit:
814 2126 903 2190 licuit
916 2123 1095 2202 dissentire,

130 2207 291 2272 discedere
319 2213 351 2272 et
373 2210 498 2292 copiam
520 2211 632 2275 iudicii
659 2211 708 2275 sui
737 2211 784 2274 rei
804 2209 951 2293 publicae
973 2209 1096 2274 facere:

129 2293 269 2356 consulti
291 2315 402 2358 omnes
423 2298 518 2378 atque
539 2295 635 2358 ctiam
650 2294 844 2359 dinumerati
863 2315 981 2374 sumus,
1004 2293 1097 2356 uicit-

129 2398 191 2460 que
214 2377 373 2445 sententia
395 2399 462 2443 non
484 2379 589 2462 prima
610 2380 666 2443 sed
688 2378 810 2443 melior.
854 2382 888 2442 at
909 2378 980 2462 quis
1001 2382 1096 2441 antea
1109 2396 1134 2436 25

129 2462 228 2544 loqui,
251 2463 321 2546 quis
343 2462 467 2526 hiscere
490 2463 629 2527 audebat
649 2466 777 2548 praeter
797 2462 929 2526 miseros
948 2462 1019 2525 illos
1042 2461 1097 2544 qui

128 2547 226 2630 primi
252 2547 558 2630 interrogabantur?
604 2549 700 2612 ceteri
723 2547 852 2632 quidem
874 2547 969 2611 defixi
996 2549 1029 2610 et
1050 2554 1096 2609 at-

128 2631 225 2694 toniti
245 2631 349 2714 ipsam
367 2632 456 2695 illam
473 2637 595 2696 mutam
616 2654 653 2697 ac
668 2632 880 2697 sedentariam
901 2629 1097 2696 assentiendi

128 2715 354 2779 necessitatem
377 2737 439 2799 qno
462 2739 534 2781 cum
557 2716 664 2781 dolore
687 2717 796 2800 animi,
818 2739 882 2800 quo
906 2737 978 2780 cum
996 2714 1097 2778 totius

128 2800 273 2882 corporis
295 2799 427 2866 horrore
449 2801 725 2884 perpetiebantur!
751 2823 833 2864 unus
856 2800 1003 2884 solusque
1025 2819 1097 2862 cen·
1111 2819 1135 2857 ao

198 3059 214 3106 3
233 3071 281 3106 eos
298 3058 402 3108 addidi:
420 3073 468 3106 om.
480 3059 509 3104 1
523 3053 527 3121 Ι
543 3051 654 3122 quibus]
674 3057 738 3120 quia
753 3055 855 3106 Kailios
872 3052 882 3120 ΙΙ
902 3056 933 3104 10
952 3050 997 3118 ad]
1014 3051 1061 3102 sed
1080 3055 1097 3101 (t

133 3119 145 3187 Η
170 3124 201 3173 11
220 3123 401 3175 deserendum
418 3126 438 3173 n
456 3127 502 3177 W:
527 3124 705 3174 deserundum
725 3126 743 3172 c
762 3119 809 3188 Vll
827 3123 858 3172 16
876 3120 1035 3186 praetulisti
1051 3121 1096 3170 Li-

129 3192 243 3246 uineius:
274 3193 355 3240 mutim
378 3191 523 3255 prodidisti
558 3189 568 3257 ΙΙ
604 3193 636 3242 18
658 3206 731 3242 noua
752 3194 848 3241 assunt
870 3191 974 3240 addidi:
1001 3205 1048 3240 om.
1070 3190 1098 3236 1

130 3258 187 3307 nisi
209 3258 244 3308 ob
262 3259 356 3308 eadem
378 3257 451 3308 facta
469 3259 614 3310 Cataractes
639 3259 693 3309 nisi
710 3260 786 3308 facta
808 3258 865 3309 sint
887 3257 981 3307 eadem
998 3256 1098 3307 Keitius

132 3321 146 3388 ll
165 3328 199 3375 20
216 3326 259 3375 tui
276 3327 348 3374 GW:
368 3333 417 3377 tuo
435 3327 487 3375 BV
504 3326 652 3392 patientiae
671 3324 892 3390 ’11111011112121
911 3325 1098 3386 interrogatus

131 3393 222 3442 orauit
238 3396 346 3457 scripsi:
364 3395 545 3458 interrogauit
562 3392 656 3459 121122
674 3393 753 3444 licuit
770 3395 874 3444 addidi:
892 3409 938 3442 om.
954 3395 982 3441 n
997 3391 1002 3458 t
1015 3393 1097 3462 interf

131 3464 245 3522 rogatus
264 3461 377 3526 quisque
397 3477 420 3526 q.
439 3462 476 3526 pl.
496 3462 646 3522 sentiebat;
668 3462 746 3511 licuit
763 3461 829 3512 diss.
847 3459 949 3510 Kailios
972 3458 982 3525 ΙΙ
1005 3461 1039 3509 25
1056 3455 1096 3523 at]

132 3529 215 3576 auto
781 3573 783 3578 .
