2572 3990
206 208 301 294 XVIII
324 233 326 236 ·
584 209 801 264 PRAEFATIO.

242 363 306 424 VII
335 361 389 441 (-=
404 361 473 441 VI).
505 367 585 427 Finit
607 371 760 426 secundus.
794 368 900 442 Incipit
923 375 1025 428 tertias
1046 370 1073 430 A
1087 370 1112 429 B
1126 371 1174 434 W.

225 447 308 508 VIII
334 447 389 525 (ε
404 449 458 525 V).
486 453 601 510 Finitus
623 455 699 525 (finit
712 450 738 511 B
752 451 803 521 W)
826 456 937 516 tertias.
961 455 1069 528 Incipit
1085 475 1175 530 quar·

334 543 380 593 tus
400 534 465 599 AB
489 544 520 594 et
534 533 582 607 W,
605 536 662 595 sed
683 536 733 596 hic
753 539 856 596 Dictus
871 540 1052 598 Maximiano
1075 539 1173 600 addit.

258 617 307 677 IX
334 613 391 696 (=
412 616 483 696 IV).
513 622 593 678 Finit
614 629 747 695 quartas.
775 625 884 696 Incipit
905 629 1022 699 quintas
1042 622 1108 683 AB
1122 625 1172 685 W.

275 701 307 761 X
335 699 391 781 (=
412 702 470 778 ΙΙ).
498 705 615 762 Finitus
637 709 713 778 (finit
726 704 764 774 B)
788 711 912 782 quintus.
940 708 1049 782 Incipit
1071 719 1174 768 socias

333 785 408 846 AB.
436 789 545 861 Incipit
559 797 661 847 ecatus
679 797 866 866 panepiricns
882 795 976 851 dictos
991 795 1172 852 Macimiano

303 886 306 890 ’
334 881 361 930 et
383 874 562 932 Diocletiano
583 871 631 935 W.

12 919 13 928 ἵ
80 973 84 980 ·
201 1001 203 1006 .
258 953 307 1012 XI
335 952 389 1031 (=
416 954 492 1034 111).
538 959 611 1015 Item
641 960 764 1018 eiusdem
792 962 928 1036 Mopistri
954 971 1054 1020 memet
1081 949 1172 1021 Game-

333 1044 459 1099 tltliacas
485 1043 660 1100 Moaimiani
691 1047 808 1120 auperti
832 1041 869 1106 A.
919 1046 1027 1120 Incipit
1060 1056 1171 1106 rectas.

332 1127 406 1184 Item
439 1129 565 1186 eiusdem
595 1133 728 1202 mopistri
760 1132 924 1187 mamertini
953 1133 1173 1205 penetlliocltas

331 1213 503 1269 monimiani
529 1217 659 1286 capucii.-
691 1240 725 1256 κ
746 1211 782 1273 Β.
826 1215 961 1272 Eiusdem
984 1216 1173 1274 (lentiliacus

332 1295 509 1354 Maximiani
529 1297 651 1371 Aapnsti
671 1304 699 1354 ot
720 1298 896 1355 Diocletiani
915 1296 961 1358 W.

236 1376 304 1434 XII
331 1375 386 1453 (=
406 1378 481 1455 IX).
526 1381 574 1438 liic
596 1383 691 1438 dictas
719 1391 761 1439 est
784 1373 968 1441 Constantino
989 1386 1050 1454 filio
1079 1380 1169 1460 (corr.

332 1483 371 1522 ex
391 1461 461 1541 filii)
487 1461 693 1524 ConstantiiA
719 1474 749 1524 et
771 1466 814 1524 ita
834 1464 874 1538 B,
910 1466 970 1524 nisi
998 1465 1081 1544 quod
1106 1472 1171 1539 finit

332 1549 533 1623 penthiiacltns
553 1548 731 1608 Maximiani
749 1554 872 1626 Aupusti
897 1551 1069 1628 praeponit.
1113 1550 1170 1608 Pn-

1275 285 1277 366 l

333 1637 490 1709 neppricas
516 1635 610 1691 dictus
639 1633 824 1694 Constantino
849 1638 909 1708 filio
937 1636 1096 1696 Constantii
1119 1633 1170 1693 W.
1276 1683 1277 1702 ,

329 1717 364 1775 in
385 1717 448 1776 fine
469 1716 560 1777 huius
590 1719 737 1778 orationis
760 1722 892 1792 Explicit
913 1718 940 1778 A
961 1716 1008 1791 W,
1035 1705 1170 1777 'statas

330 1801 468 1862 habena

154 1907 159 1918 ·
266 1886 334 1946 Iam
353 1905 427 1945 uero
449 1885 754 1964 circumspiciendum
776 1895 831 1958 est,
856 1906 953 1966 ecqua
971 1886 1032 1946 alia
1047 1895 1171 1964 praeter

203 1971 237 2031 II
263 1968 401 2029 subsidia
429 1970 534 2029 critica
564 1969 654 2028 nobis
682 1979 858 2048 suppetant.
904 1979 935 2029 et
962 1971 994 2029 in
1023 1970 1170 2029 Pliniana

203 2055 329 2135 quidem
356 2054 496 2112 oratione
523 2053 656 2113 schedae
677 2052 900 2114 Ambrosianae
928 2055 1094 2133 rescriptae
1121 2076 1169 2115 as·
1275 2059 1276 2062 ’

203 2147 285 2211 sunt,
308 2139 457 2196 iuuentae
480 2138 553 2196 illae
574 2156 637 2196 una
659 2158 727 2198 cnm
748 2137 914 2198 Frontonis
937 2158 973 2198 ec
995 2137 1171 2217 Symmachi

127 2223 129 2230 '
205 2223 343 2301 reliqniis
376 2221 414 2281 ab
440 2220 563 2299 Angelo
595 2223 679 2281 Maio
713 2224 745 2281 in
778 2222 883 2283 codice
916 2223 987 2282 olim
1013 2222 1169 2295 Bobiensi‚

113 2321 115 2328 ’
204 2325 288 2368 nunc
310 2304 516 2366 Ambrosiano
546 2303 626 2384 [ord.
650 2326 717 2386 sup.
740 2307 778 2366 E.
804 2306 876 2384 147]
905 2307 1020 2367 saeculi
1047 2310 1171 2386 septimi

204 2392 255 2452 uel
281 2393 392 2451 octeni.
436 2391 610 2469 fragmenta
631 2391 776 2451 Pliniana
803 2401 934 2470 quatuor
961 2392 1042 2452 foliis
1073 2389 1170 2470 (nunc

204 2497 237 2557 p.
261 2479 312 2534 21.
336 2476 389 2548 22,
419 2476 469 2535 tt.
494 2476 533 2535 28
564 2484 595 2536 et
622 2496 652 2555 p.
677 2477 749 2536 361.
772 2477 848 2548 362,
881 2478 952 2536 367.
976 2479 1037 2536 368
1064 2496 1168 2536 nume·

203 2557 293 2640 ratis)
316 2559 523 2632 continentur.
558 2561 699 2632 disseruit
723 2560 760 2620 de
782 2561 831 2619 his
853 2559 973 2620 schedis
993 2561 1167 2639 diligenter,

203 2655 237 2704 ut
258 2645 347 2718 solet,
371 2643 410 2705 H.
428 2644 549 2704 Keilius
572 2645 604 2703 in
627 2653 851 2723 programmate
874 2645 1084 2704 uniuersitatis
1104 2645 1169 2703 Ha-

202 2731 298 2790 lensis
319 2729 503 2798 alesatio
525 2739 555 2788 et
577 2729 610 2787 in
633 2729 778 2789 editionis
792 2729 956 2788 Plinianae
978 2729 1048 2788 mai.
1070 2731 1168 2807 praef.
1273 2747 1274 2750 ’

203 2835 235 2895 p.
258 2812 527 2874 XLIv—XLVI.
556 2832 634 2892 quae
656 2813 788 2875 schedae
814 2807 854 2898 [R
876 2807 993 2890 notaui]
1017 2820 1051 2871 ut
1072 2811 1167 2872 bona-

204 2921 272 2960 rum
297 2899 464 2960 lectionum
491 2907 539 2958 sat
566 2918 710 2978 magnum
742 2918 899 2958 numerum
929 2896 1107 2968 exhibent„
1125 2897 1169 2955 ita

112 3041 114 3044 .
204 2983 388 3064 quibusnam
420 2984 550 3043 maxime
584 2992 706 3062 praeter
738 2984 813 3043 uitia
846 2982 970 3060 uulgata
1003 2980 1168 3059 generibus
1272 3019 1273 3036 .

204 3068 385 3128 mendorum
400 3067 434 3127 II
456 3066 645 3126 deformatus
667 3068 707 3126 sit
730 3067 850 3139 docent,
874 3086 984 3145 nempe
1006 3065 1170 3125 uerborum
1272 3101 1273 3136 1

204 3162 236 3212 et
257 3153 422 3211 omissione
444 3162 475 3210 et
497 3171 594 3228 praua
616 3151 827 3210 collocatione.

266 3235 402 3295 Ioannes
417 3235 578 3293 Liuineius
593 3235 700 3310 Belga,
723 3235 772 3293 uir
793 3235 831 3292 de
851 3234 899 3292 his
922 3232 1090 3293 oratoribus
1113 3233 1167 3293 im-

204 3320 374 3380 mortaliter
389 3319 521 3390 meritus,
538 3338 615 3396 quos
630 3318 671 3377 ad
683 3317 850 3377 editionem
863 3337 949 3377 suam
964 3316 1168 3396 (Antuerpiae

205 3426 233 3464 a.
260 3402 435 3463 MDXOIX
466 3423 503 3463 ea
531 3401 658 3481 prodiit)
694 3401 787 3462 libros
815 3400 990 3462 adhibuerit
1019 3403 1052 3460 in
1080 3423 1167 3482 prae-

205 3490 322 3549 fatione
346 3488 435 3547 docet
457 3487 601 3547 lectores:
635 3487 746 3566 nempe
769 3497 835 3547 esse
858 3506 1008 3567 petresse
1031 3485 1167 3548 codicem
1271 3533 1272 3540 .
