2578 4000
195 175 256 240 176
508 175 570 227 vn.
600 173 749 226 rueram
765 173 847 224 rau.

194 327 378 410 aequabant
411 327 444 389 et
471 323 708 389 succedentium
735 321 877 386 humeris
911 322 1071 396 subleuati
1098 323 1165 389 iam

195 409 366 476 interualla
380 409 553 494 pinnarum
574 409 666 476 uncis
684 407 833 472 manibus
854 407 1051 474 inuaserant.
1083 409 1166 474 adeo

195 495 276 560 nihil
299 494 435 579 periculi
461 494 497 560 in
517 493 681 559 uindictae
709 492 897 558 executione
918 492 1109 574 metuebant
1130 499 1168 560 ut

196 580 258 646 sibi
285 602 352 645 non
378 601 505 644 murum
533 578 699 661 scandere,
731 577 785 642 sed
815 599 854 644 ex
881 598 982 661 aequo
1009 579 1168 663 congredi

169 663 389 730 auidereneur.
835 727 837 730 .

260 749 332 814 XX.
381 748 443 814 Sed
466 769 484 813 ο
507 748 702 833 singularem
724 749 827 830 tuam,
850 745 1077 831 Constantine,
1101 747 1169 831 pie·

196 837 298 899 tatem
326 837 359 899 et
386 855 443 898 sua
470 854 595 917 semper
622 831 729 896 officia
757 831 853 896 etiam
881 832 967 896 inter
988 851 1080 898 arma
1101 853 1169 897 ser·

197 921 344 984 nantem!
369 919 497 1003 signum
519 917 662 1002 receptui
684 916 801 982 dedisti
823 919 855 982 et
876 915 1047 984 uictoriam
1067 915 1169 987 distu-

197 1002 265 1066 listi
300 1006 337 1067 ut
369 1002 517 1067 omnibus
554 1003 624 1068 cibi.
648 1001 758 1066 liceret
790 1000 959 1086 ignoscere
994 1022 1055 1066 neu
1091 1001 1169 1086 quid

160 1107 188 1148 ro
199 1087 339 1152 atrocius
361 1086 483 1152 faceret
508 1086 599 1152 miles
626 1086 728 1152 iratus
756 1108 851 1170 quam
880 1085 1071 1152 elementiae
1094 1090 1169 1152 tuae

198 1174 314 1237 natura
340 1174 514 1256 pateretur.
561 1171 597 1236 in
624 1192 686 1256 quo
713 1170 789 1236 lieet
821 1171 936 1255 optimi
963 1170 1169 1256 imperatoris

200 1256 413 1321 sollicitudine
443 1256 566 1322 caderis
599 1261 636 1321 ut
661 1256 784 1321 inducti
813 1256 848 1321 in
874 1255 1021 1322 fraudem
1048 1256 1169 1322 milites

199 1341 386 1427 poenitendi
418 1344 545 1426 tempus
577 1343 758 1427 acciperent
791 1343 887 1426 atque
919 1341 1005 1406 ultro
1038 1341 1170 1408 ueniam

199 1429 421 1510 precarentur,
450 1448 508 1492 nos
530 1430 641 1492 tamen
669 1427 723 1510 qui
747 1425 933 1490 mitissimos
954 1428 1027 1492 tuos
1055 1447 1169 1490 sensus

162 1529 187 1570 15
200 1513 363 1576 iutuemur
391 1511 485 1593 (nihil
507 1515 556 1576 est
584 1513 670 1576 enim
691 1515 758 1576 tam
779 1511 984 1598 perspicuum
1012 1531 1109 1594 quam
1134 1511 1169 1575 in

199 1597 328 1679 pectore
355 1599 411 1660 tuo
434 1596 578 1684 bonitas)
607 1596 656 1660 illi
683 1599 717 1661 te
744 1595 960 1680 intellegimus
987 1596 1169 1680 pepercisse

200 1680 1169 1850 etl’nitlttdrltltldtfssltletttt

200 1851 350 1934 pertinet,
374 1851 559 1937 imperator,
585 1855 618 1916 et
639 1817 733 1918 illuln
754 1854 787 1916 et
808 1871 918 1914 omnes
941 1871 1020 1933 quos
1043 1871 1169 1936 recepe

161 1954 188 1994 ao
201 1939 252 1999 rat
272 1936 453 2002 reseruasti.
482 1936 544 2000 sibi
560 1937 697 2021 imputet
719 1934 860 2084 quispuis
882 1934 931 1998 uti
952 1933 1058 1999 noluit
1074 1935 1168 2017 bene·

200 2019 274 2084 ficio
298 2023 353 2085 tuo
375 2042 436 2086 nee
460 2041 494 2084 se
517 2020 651 2104 dignum
673 2022 743 2084 uita
765 2021 798 2084 iu
820 2020 933 2103 icauit,
963 2041 1036 2085 eum
1058 2041 1118 2105 per
1139 2024 1171 2085 te

201 2103 313 2168 liceret
334 2107 369 2168 ut
383 2105 523 2168 uiueret:
545 2108 590 2186 tu,
614 2105 698 2187 quod
713 2105 833 2170 sufficit
852 2104 1070 2170 conscientiae
1086 2107 1172 2189 tuae,

202 2188 299 2252 etiam
320 2209 386 2285 non
409 2187 606 2286 merentibus
620 2190 804 2288 pepercisti.
833 2189 1053 2288 sedigposoe
1074 2190 1172 2274 dicto,

136 2272 639 2443 ,asennaeum
659 2274 1101 2444 psaranum

202 2446 238 2506 ut
259 2464 429 2528 prosperos
450 2442 569 2508 habeas
592 2445 688 2509 etiam
710 2445 795 2510 ultra
816 2447 872 2508 tua
894 2446 972 2510 uota
994 2465 1173 2527 successus,

202 2527 257 2611 qui
285 2549 412 2592 omnem
442 2549 530 2612 spem
558 2528 593 2592 in
619 2529 742 2614 gremio
769 2529 947 2594 maiestatis
974 2531 1049 2594 tuae
1078 2529 1175 2614 poni·

202 2632 273 2676 mus
296 2613 329 2676 et
349 2613 438 2677 tuam
459 2613 577 2697 ubique
599 2615 827 2699 praesentiam,
851 2613 943 2697 quesi
964 2613 1034 2678 dari
1055 2613 1171 2698 possit,

203 2697 391 2782 expetimus.
430 2718 502 2764 ecoe
525 2697 628 2784 enim,
652 2699 727 2764 dum
750 2721 769 2764 a
790 2698 891 2764 limite
913 2697 1078 2783 paulisper
1100 2699 1175 2764 abs-

165 2797 360 2866 accesseras,
393 2782 507 2866 quibus
536 2804 570 2847 se
598 2783 772 2848 terroribus
800 2783 1008 2848 barbarorum
1036 2783 1176 2867 perfidia

202 2866 380 2932 iactauerat
401 2867 533 2950 scilieet,
558 2867 633 2933 dum
656 2869 717 2933 sibi
739 2867 796 2933 illa
815 2871 1018 2953 proponunt:
1042 2868 1175 2954 quando

203 2952 395 3035 perueniet?
430 2952 557 3036 quando
579 2953 712 3018 uincet?
748 2952 876 3037 quando
898 2953 1018 3018 fessum
1040 2952 1176 3019 reducet

204 3037 403 3101 exereitum?
430 3057 502 3100 cum
524 3041 656 3123 repente
679 3037 787 3102 audito
809 3037 915 3102 reditu
935 3041 991 3102 tuo
1012 3038 1105 3103 uelut
1126 3041 1175 3103 at-

274 3240 447 3291 lsubleuati
464 3243 485 3290 B
503 3244 521 3291 0
538 3242 560 3290 V
578 3256 615 3291 w:
639 3241 832 3296 subleuantid
861 3241 871 3309 ll
901 3240 1092 3310 2pinnarum]
1113 3258 1175 3309 pre·

203 3307 312 3360 uiarum
323 3311 365 3358 uel
375 3309 454 3359 simile
466 3312 484 3359 0
496 3307 506 3376 Η
519 3312 535 3360 3
551 3311 739 3362 inuindicatee
751 3313 775 3362 A
786 3310 797 3375 l
808 3313 825 3362 8
837 3311 944 3375 signum
957 3327 1003 3362 om.
1014 3310 1047 3358 W
1059 3308 1070 3376 ΙΙ
1084 3312 1100 3361 9
1118 3325 1175 3362 neu

204 3375 351 3426 Liuineius:
368 3391 403 3427 ne
422 3379 450 3425 Ι
485 3379 518 3427 14
535 3393 633 3430 sensus
651 3384 714 3430 tuos
731 3379 811 3428 MV
824 3377 834 3444 ΙΙ
848 3379 879 3429 18
897 3379 968 3430 ferro
987 3377 1079 3429 Bora:
1099 3379 1174 3429 ferre

204 3442 226 3491 Α
244 3442 303 3494 fere
322 3451 381 3496 cett.
397 3443 403 3510 Ι
417 3447 459 3496 ita
491 3444 587 3510 itaque
600 3447 617 3494 0
629 3443 639 3510 ΙΙ
653 3447 684 3496 19
703 3445 850 3510 deceperat
863 3448 997 3498 Acidaliae
1008 3443 1019 3512 ΙΙ
1031 3449 1065 3499 20
1083 3445 1175 3497 uoluit

205 3507 338 3576 071100
356 3511 624 3578 utuideretcllild
643 3519 691 3564 tua
711 3513 881 3566 AWBertc
900 3513 1062 3565 omlcv
