2572 3990
166 169 207 234 38
341 143 343 150 ’
501 169 522 220 1.
555 168 821 222 (1111111111.

166 321 266 384 11111111
288 324 319 383 et
340 320 408 404 ipse
431 320 566 384 donasti.
610 319 765 382 cesserint
785 339 899 402 parum
921 319 1051 402 gratiss
1071 342 1137 385 ma-

102 456 104 460 .
165 411 246 468 nent
261 407 370 469 tamen
390 405 482 490 digni
498 405 591 468 bonis
611 405 665 486 eis,
685 403 831 486 nihilque
844 403 959 466 axillis
977 404 1017 467 ad
1027 408 1059 468 te
1072 406 1137 470 nisi

165 489 270 574 gloria
291 489 384 555 redit.
421 513 498 553 nam
519 489 747 553 liberalitatem
769 487 988 552 iucundiorem
1010 488 1136 555 debitor
1190 552 1199 568 ,

165 577 294 722 pratus,
317 574 486 639 clariorem
500 573 647 658 ingratus
663 571 751 636 facit.
776 572 832 636 sed
846 573 916 656 quis
933 575 1008 638 ante
1022 577 1055 638 tc
1071 575 1136 638 lau-

141 677 153 717 1
189 681 239 723 em
254 659 351 724 istam
366 660 521 744 pecuniae
537 656 716 742 praetulit?
738 660 852 739 quotus
870 657 1002 741 quisque
1016 659 1136 742 princi·

164 766 244 828 pum
264 766 306 808 ne
328 745 363 808 id
378 743 505 828 quidem
527 744 562 807 in
576 742 779 826 patrimoniis
795 743 915 807 nostris
938 765 1030 808 suum
1045 744 1137 808 duxit

166 828 251 912 quod
274 831 359 894 esset
380 829 420 892 de
442 827 523 892 suo?
559 849 668 892 nonne
696 829 732 890 ut
753 847 864 912 regum
894 828 940 890 ita
963 827 1136 893 Caesarum

165 934 299 977 munera
320 913 419 997 illitos
443 913 522 977 cibis
550 912 663 977 hamos
670 910 692 992 ,’
708 915 835 996 opertos
861 913 978 994 praeda
1006 913 1135 996 laqueos

167 998 420 1081 aemulabantur,
449 1019 521 1062 cum
548 996 684 1081 priuatis
712 996 919 1061 facultatibus
946 998 1035 1062 uelut
1062 999 1135 1079 fou-

128 1088 246 1148 ratores
269 1086 362 1146 aucta
383 1087 415 1147 et
435 1082 648 1166 multiplicata
669 1083 756 1146 retro
777 1103 893 1167 secum,
917 1082 1066 1167 quicquid
1089 1087 1136 1146 at-

165 1167 324 1251 tigerant,
348 1166 529 1232 referrent?
903 1218 916 1236 -.

229 1251 344 1316 XLIV.
375 1253 478 1328 Quam
500 1252 577 1315 utile
601 1252 649 1316 est
671 1251 711 1314 ad
733 1262 825 1314 usum
844 1251 1055 1315 secundorum
1077 1274 1135 1336 per

166 1335 300 1400 aduersa
319 1338 460 1414 uenisse!
483 1337 594 1400 uixisti
609 1336 788 1418 nobiscum,
811 1336 1010 1419 periclitatus
1029 1358 1072 1419 es,
1095 1339 1135 1400 ti-

165 1421 287 1503 muisti,
310 1444 389 1504 quae
407 1425 486 1485 tune
510 1424 578 1485 erat
599 1421 820 1485 innocentium
842 1421 920 1484 uita.
950 1422 1012 1485 scis
1035 1425 1067 1486 et
1083 1444 1134 1486 ex-

128 1521 153 1562 15
165 1508 275 1589 pertus
288 1527 320 1570 es
333 1510 530 1591 quantopere
544 1506 742 1570 detestentur
755 1507 854 1570 malos
864 1507 1026 1590 principes
1039 1508 1134 1570 etiam

166 1589 221 1674 qui
243 1591 343 1655 malos
359 1592 493 1655 faciunt.
523 1589 699 1655 meministi
721 1612 801 1674 quae
823 1593 933 1674 optare
955 1591 1133 1675 nobiscum,

165 1694 246 1759 quae
262 1675 305 1740 sis
328 1677 419 1760 queri
434 1675 555 1740 solitus.
586 1697 660 1738 nam
682 1675 801 1758 priuati
822 1675 939 1740 iudicio
954 1676 1134 1759 principem

166 1761 262 1844 geris,
293 1762 459 1826 meliorem
480 1761 578 1826 immo
601 1763 633 1823 te
655 1763 799 1842 praestas
822 1781 919 1843 quam
946 1761 1007 1824 tibi
1035 1761 1133 1828 alium

164 1846 348 1927 precabare.
385 1846 493 1930 itaque
516 1845 561 1910 sic
583 1845 697 1909 imbuti
720 1867 828 1909 sumus
851 1848 895 1928 ut,
927 1845 1041 1928 quibus
1064 1850 1134 1929 erat

126 1948 151 1987 1ο
166 1949 289 1994 summa
311 1935 461 1995 uotorum
482 1931 595 1994 melior
620 1928 759 2012 pessimo
785 1929 945 2013 princeps,
975 1932 1040 1994 iam
1067 1951 1133 1999 uon

164 2015 323 2097 possimus
350 2015 413 2078 nisi
443 2015 599 2096 optimum
626 2014 721 2079 ferre.
763 2036 858 2078 nemo
886 2017 935 2078 est
962 2037 1039 2098 ergo
1067 2019 1133 2078 tem

165 2099 229 2181 tui,
259 2103 325 2162 tam
347 2099 481 2183 ignarus
504 2098 554 2162 sui
576 2100 612 2161 ut
640 2097 744 2162 locum
773 2099 871 2162 istum
898 2103 972 2183 post
999 2105 1031 2164 te
1060 2121 1133 2164 oon-

166 2183 318 2266 cupiseat.
357 2183 482 2246 facilius
506 2185 555 2246 est
576 2185 614 2245 ut
635 2204 703 2246 esse
726 2183 840 2266 aliquis
868 2205 1031 2248 successor
1057 2188 1131 2248 tuus

164 2266 268 2350 possit
289 2289 385 2351 quam
399 2270 443 2349 ut
465 2267 554 2332 uelit.
591 2268 662 2350 quis
685 2268 770 2331 enim
794 2289 887 2332 curae
914 2272 988 2332 tuae
1015 2268 1132 2334 molem

126 2369 151 2408 25
165 2355 280 2434 sponte
303 2351 439 2416 subeat?
461 2353 532 2436 quis
556 2352 732 2435 comparari
753 2352 814 2417 tibi
835 2375 900 2416 non
923 2353 1130 2430 reformidet?

165 2440 314 2521 expertus
343 2441 375 2501 et
402 2439 472 2521 ipse
500 2459 533 2501 es
562 2458 657 2519 quam
685 2437 727 2500 sit
760 2458 928 2505 onerosum
962 2439 1131 2503 succedere

163 2519 250 2585 bono
278 2522 432 2605 principi,
468 2525 502 2585 et
529 2521 682 2585 offerebas
711 2523 945 2586 exeusationem
974 2523 1129 2607 adoptati.

165 2626 206 2668 an
227 2627 326 2689 parua
347 2625 511 2689 pronaque
535 2605 667 2670 suntad
690 2606 914 2673 aemulandum
929 2607 1013 2690 quod
1037 2629 1131 2672 nemo

164 2691 420 2756 incolumitatem
441 2690 640 2773 turpitudine
662 2689 833 2774 rependit?
856 2691 945 2754 salua
968 2695 1016 2756 est
1031 2693 1131 2756 omni·

126 2793 151 2834 ac
164 2775 223 2838 bus
246 2775 313 2840 uita
335 2778 367 2839 et
389 2774 531 2860 dignitas
553 2775 651 2859 uitae,
680 2797 741 2840 nec
763 2777 828 2839 iam
851 2776 1070 2841 consideratus
1094 2799 1131 2859 ac

234 3035 248 3080 1
267 3033 354 3082 multa
372 3035 432 3082 add.
450 3032 602 3082 Ernestias:
620 3047 666 3081 om.
685 3033 713 3079 11
731 3025 737 3096 l
755 3031 891 3082 cesserint
908 3047 933 3096 p.
954 3032 1042 3096 gratis
1059 3033 1131 3082 Liui-

163 3101 250 3149 neius:
268 3101 386 3150 cesserit
404 3115 430 3164 p.
449 3100 590 3164 ς111111111
608 3101 716 3164 ceperit
733 3115 761 3163 p.
781 3103 877 3163 gratus
891 3100 995 3164 Lipsius
1015 3101 1132 3150 cesserit

163 3181 191 3229 p.
208 3169 288 3230 grate
306 3165 457 3232 111ίὶ111112
476 3167 553 3230 digni
570 3167 677 3232 scripsi:
695 3166 725 3216 111
744 3167 791 3232 qui
807 3167 834 3214 11
849 3164 853 3231 Ι
871 3167 910 3217 eis
928 3169 1050 3232 Lipsiae:
1073 3169 1131 3216 eius

163 3233 191 3280 Μ
208 3231 414 3298 1111111111Ιὸ
432 3234 533 3283 dixitB
551 3241 611 3294 poto
630 3235 734 3285 nostris
752 3249 806 3284 non
825 3249 904 3285 suum
922 3231 1050 3299 (1111111119
1069 3235 1131 3284 fau·

163 3304 238 3350 tores
256 3302 360 3351 addidi:
382 3317 429 3351 om.
447 3299 502 3366 1111
520 3305 551 3353 10
570 3306 651 3351 aneta
668 3303 815 3352 Liuineius:
833 3301 932 3352 hausta
949 3304 976 3351 11
993 3299 998 3368 Ι
1015 3301 1131 3367 amplifi·

164 3371 229 3417 eata
249 3367 374 3418 Gruterus
386 3366 396 3433 l
410 3371 440 3418 12
459 3384 525 3420 usus
537 3370 570 3417 W
582 3366 592 3434 ΙΙ
606 3371 637 3420 lt
655 3369 759 3434 priuati
773 3369 892 3434 Lipsiae:
910 3371 1019 3435 priuato
1037 3372 1064 3419 11
1076 3368 1086 3435 ΙΙ
1099 3371 1131 3420 21

164 3450 314 3498 possumus
324 3437 360 3496 Η,
378 3452 446 3486 corr.
461 3451 477 3498 ς
490 3435 499 3500 ΙΙ
512 3439 544 3486 22
563 3437 646 3486 iatum
665 3432 814 3487 Liuineius:
832 3438 921 3504 ipsum
933 3438 960 3485 11
973 3435 982 3502 ΙΙ
996 3440 1029 3488 24
1046 3437 1131 3488 moles

160 3515 189 3550 w
201 3501 211 3572 ss
224 3503 257 3554 21
275 3503 409 3554 efferebar
427 3500 513 3567 111128
531 3518 618 3568 prona
634 3517 777 3568 paruaque
795 3507 812 3552 0
846 3557 848 3560 ,
