2582 3992
199 233 240 299 68
521 236 544 287 1.
583 235 614 288 O.
632 236 748 286 PLlNll
766 235 846 286 PAN.

198 384 369 450 hibebatur
396 407 416 448 a
444 385 599 468 principe.
648 383 789 450 faciebas
817 406 910 469 ergo,
946 401 1017 450 cum
1045 386 1166 451 diceres

200 469 352 554 optimos:
375 491 435 533 nec
457 469 468 532 i
492 490 600 533 sorum
622 469 717 532 modo
739 469 807 532 uita
829 490 848 532 a
870 472 913 550 te,
937 469 992 533 sed
1014 469 1167 535 iudicium

200 557 329 618 senatus
346 492 622 637 comprobabatur,
641 553 695 636 qui
710 553 819 617 ornari
833 574 877 637 sc,
893 574 961 617 non
976 553 1048 618 11111
1064 555 1167 640 magis

200 660 278 724 quos
299 638 468 720 laudabas,
491 638 678 702 laetabatur.

174 742 188 782 a
263 722 394 787 LXXII.
431 721 501 786 lam
522 722 608 806 quod
630 725 778 804 precatus
802 743 834 786 es
857 725 894 786 ut
915 720 971 785 illa
991 722 1062 806 ipsa
1085 723 1167 787 ordi·

199 807 290 872 natio
321 806 523 871 comitiorum
551 807 632 870 bene
661 828 699 871 ac
725 805 864 870 feliciter
893 807 1035 871 eueniret
1062 807 1166 887 nobis,

199 891 246 956 rei
260 890 418 974 publicae,
434 891 505 974 tibi,
524 912 632 956 nonne
647 891 712 956 tale
729 895 778 955 est
794 894 829 955 ut
843 912 904 956 nos
919 890 1006 956 hunc
1021 891 1168 956 ordinem

200 978 349 1040 uotorum
362 979 549 1040 conuertere
562 975 732 1040 debeamus
745 975 882 1059 deosque
894 975 987 1039 enixe
999 975 1167 1040 obsecrare

200 1063 236 1123 ut
258 1060 366 1124 omnia
388 1081 468 1142 quae
490 1059 570 1124 facis
593 1081 735 1143 quaeque
756 1059 856 1124 facies
877 1081 1029 1144 prospere
1053 1060 1168 1125 cedant

163 1165 188 1205 ro
201 1143 274 1221 tibi,
304 1144 350 1208 rei
372 1144 532 1226 publicae,
561 1143 680 1208 nobis?
718 1145 770 1210 uel
792 1145 820 1208 si
842 1144 969 1208 breuius
992 1145 1034 1208 sit
1056 1147 1168 1229 optan-

201 1229 287 1311 dum,
309 1229 344 1293 ut
359 1229 414 1292 uni
429 1229 500 1311 tibi,
522 1230 635 1326 inquo
651 1231 683 1293 ct
697 1251 748 1293 res
763 1229 892 1312 publica
912 1231 945 1292 et
958 1250 1019 1293 nos
1035 1229 1167 1293 sumus?

199 1313 264 1377 fuit
283 1315 424 1397 tempus,
453 1334 491 1377 11
512 1313 647 1378 nimium
670 1313 724 1377 diu
745 1314 822 1395 fuit,
850 1335 912 1397 quo
936 1312 1000 1377 alia
1021 1313 1164 1392 aduersa,

201 1397 266 1462 alia
287 1397 428 1462 secunda
448 1397 588 1481 principi
611 1401 643 1462 et
664 1397 772 1462 nobis:
795 1419 882 1462 nunc
905 1399 1085 1462 communia
1108 1398 1168 1464 tibi

200 1481 368 1548 nobiscum
390 1484 456 1546 tam
478 1482 562 1546 laeta
584 1503 679 1566 quam
695 1482 812 1564 tristia,
835 1503 895 1546 nec
916 1483 1021 1566 magis
1044 1483 1113 1546 sine
1136 1486 1167 1546 te

164 1586 260 1632 anos
289 1587 358 1630 esse
380 1565 489 1631 felices
517 1588 612 1651 quam
634 1569 671 1632 tu
693 1566 762 1632 sine
790 1566 882 1631 nobis
904 1569 1007 1648 potes.
1053 1589 1110 1650 an,
1141 1567 1168 1630 11

201 1672 327 1735 posses,
360 1651 396 1714 in
423 1650 487 1715 fine
514 1655 662 1716 uotorum
692 1651 859 1715 adiecisses
888 1653 925 1713 ut
949 1651 997 1735 ita
1020 1651 1168 1734 precibus

201 1736 266 1800 tuis
288 1735 320 1799 di
343 1738 536 1819 annuerent,
567 1736 595 1799 si
616 1735 769 1800 iudicium
791 1737 935 1799 nostrum
963 1735 1077 1800 mereri
1099 1758 1168 1820 per-

203 1819 405 1884 seuerasses‘?
444 1820 523 1884 adeo
545 1819 629 1884 nihil
650 1819 711 1883 tibi
733 1841 839 1883 amore
868 1819 985 1883 ciuium
1008 1820 1169 1904 antiquius

203 1907 240 1968 ut
261 1907 336 1968 ante
357 1925 377 1967 a
397 1904 499 1986 nobis,
522 1903 635 1968 deiude
651 1903 733 1968 adis
754 1907 849 1987 atque
864 1903 910 1968 ila
930 1903 1048 1968 abillis
1069 1905 1169 1968 amari

165 2009 191 2048 1ο
204 1988 293 2068 uelis,
317 1988 345 2052 si
368 2009 386 2051 a
408 1988 501 2052 nobis
523 1988 648 2052 ameris.
680 1990 712 2052 et
734 2010 811 2052 sane
830 1988 973 2085 priorum
988 1989 1169 2074 principum

204 2073 307 2137 exitus
330 2071 439 2135 docuit
467 2091 508 2134 ne
531 2093 550 2134 a
573 2072 621 2136 dis
650 2071 778 2154 quidem
805 2073 903 2137 amari
929 2074 992 2137 msi
1006 2075 1093 2157 'quos
1115 2072 1169 2136 ho-

203 2156 307 2220 mines
330 2158 449 2219 ament.
479 2155 613 2219 arduum
632 2160 702 2220 erat
723 2155 781 2220 has
796 2156 996 2240 precationes
1018 2157 1169 2222 11111111-

205 2239 297 2304 dibus
319 2239 512 2322 adaequare:
546 2240 792 2324 adaequauimus
814 2245 931 2308 tamen.
977 2241 1032 2326 qui
1053 2242 1170 2306 amoris

205 2323 309 2407 ardor,
338 2323 393 2407 qui
415 2323 553 2406 stimuli,
583 2347 664 2409 quac
686 2324 774 2390 faces
802 2325 874 2390 illas
895 2326 989 2390 nobis
1011 2326 1170 2390 exclama·

167 2427 193 2469 11
206 2409 310 2474 tiones
333 2408 550 2474 subiecerunt!
582 2431 648 2474 non
669 2410 783 2494 nostri,
808 2409 934 2493 Caesar,
957 2410 1092 2496 ingenii,
1116 2410 1171 2474 sed

136 2507 140 2515 ’
205 2503 279 2559 tuae
313 2493 441 2557 uirtutis
468 2496 657 2578 tuorumque
690 2496 876 2560 meritorum
907 2516 1001 2560 uoces
1030 2493 1171 2576 fuerunt,

206 2599 285 2662 quas
311 2578 401 2641 nulla
428 2600 577 2662 umquam
604 2578 744 2644 adulatio
771 2579 911 2663 inuenit,
941 2578 1048 2643 nullus
1071 2579 1172 2643 cuius-

206 2683 301 2810 puam
323 2664 425 2726 terror
448 2664 611 2746 expressit.
656 2685 750 2748 quern
772 2663 819 2728 111
841 2663 1005 2728 timuimus
1035 2667 1071 2727 ut
1093 2663 1172 2727 haec

230 2745 423 2832 ageremus?
447 2768 541 2830 quem
563 2747 609 2812 sic
629 2748 805 2812 amauimus
827 2750 863 2811 ut
877 2747 957 2812 haec
973 2746 1172 2812 fateremur?

169 2851 194 2894 so
206 2831 293 2897 nosti
310 2832 534 2896 necessitatem
554 2833 731 2898 seruitutis:
757 2833 920 2915 ecquando
934 2832 1038 2896 simile
1053 2831 1172 2916 aliquid

207 2914 347 2981 audisti?
382 2915 547 3000 ecquando
570 2916 700 2981 dixisti?
737 2917 839 2982 multa
860 2916 988 3000 quidem
1011 2918 1173 3000 excogitat

207 2999 398 3083 1111111111
421 3021 501 3084 quae
524 3004 701 3084 appareant
715 3001 858 3084 quaesita
880 3001 921 3064 ab
936 3000 1065 3064 inuitis:
1088 2999 1173 3064 aliud
1273 3003 1274 3006 ’

208 3083 451 3166 sollicitudinis,
485 3084 571 3148 aliud
604 3085 783 3150 securitatis
814 3085 981 3170 ingenium
1009 3088 1073 3166 est;
1111 3085 1173 3148 alia

208 3168 350 3234 tristium
371 3168 527 3252 inuentio,
551 3168 615 3232 alia
630 3169 854 3254 gaudentium:
875 3171 1023 3233 neutrum
1046 3169 1173 3233 simula-

279 3359 294 3408 3
305 3358 351 3421 qui
363 3357 457 3407 ornari
465 3355 639 3407 Salamiua.-
651 3357 798 3422 ornarique
807 3358 834 3407 ll
846 3356 856 3423 Ι
869 3359 950 3410 tiam
960 3358 1174 3410 TauHeurm'asr
1272 3357 1273 3360 ’

210 3440 274 3474 nam
292 3419 377 3489 11117
399 3439 491 3474 nonne
509 3424 562 3473 tibi
580 3427 597 3472 0
618 3422 628 3490 u
648 3425 665 3474 8
683 3423 776 3490 deosq.
795 3427 875 3476 enixe
894 3440 955 3490 epo:
973 3425 1039 3474 deos
1058 3423 1174 3490 denique

211 3493 231 3543 11
249 3493 282 3540 W
300 3505 347 3543 111
366 3491 485 3555 denique
504 3491 560 3540 VO
581 3491 742 3556 eosdemque
761 3507 777 3557 ς
797 3490 807 3557 ΙΙ
830 3495 860 3544 12
880 3492 991 3542 diuersa
1008 3493 1029 3543 B
1050 3489 1060 3558 1
1080 3494 1123 3552 30,
1142 3494 1174 3542 31

212 3559 353 3626 ecquando
363 3559 511 3609 Liuineius:
529 3563 557 3607 et
575 3558 683 3624 quando
700 3561 728 3607 Η
745 3569 852 3625 utroque
869 3556 991 3623 1111131
1012 3559 1176 3611 1111111110
