2586 3996
182 213 244 276 246
524 213 571 263 xi.
598 211 807 264 Mimnermi

182 365 268 428 sidus
296 385 329 426 es
357 365 454 426 ortus.
499 363 533 425 hi
554 361 640 426 ciues
669 365 701 426 et
722 361 890 445 populares
912 361 960 425 tui
982 361 1076 426 silere
1099 384 1149 427 ms

181 470 248 512 non
269 449 380 512 sinunt
407 467 466 512 nec
488 448 654 530 patiuntur
681 449 718 510 ut
739 446 905 530 quisquam
934 446 1016 510 alius
1045 450 1150 531 auspi·

183 532 344 597 catissimo
363 532 414 596 die
435 537 512 615 aput
527 536 559 596 te
582 553 619 596 ac
641 531 725 595 dete
747 531 900 614 loquendi
921 553 1037 594 munus
1060 554 1150 596 usur-

182 621 237 702 pet
258 639 355 703 quam
376 619 404 680 is
440 618 474 681 ui
496 615 693 700 amplissimo
709 616 752 679 sit
765 615 927 700 praeditus
947 616 1148 700 magistratu.

155 706 299 785 sputant
321 639 441 785 aliquid
456 701 580 765 adicere
603 701 642 764 ad
658 700 860 784 splendorem
878 700 1006 766 laudum
1021 704 1149 765 tuarum

182 788 322 850 consulis
344 807 478 870 nomen3
502 790 535 850 et
556 789 643 850 recte
663 789 790 870 putant.
819 785 954 849 adicitur
977 786 1062 849 enim
1084 785 1150 850 lau-

183 872 258 935 dum
287 871 437 955 dignitati
465 869 587 935 honore
613 871 785 935 laudantis.
831 890 868 944 ac
890 869 980 949 licet,
1010 871 1149 935 maxime

183 957 368 1038 imperator,
390 956 520 1038 publico
542 955 659 1020 iudicio
683 960 715 1019 et
736 955 865 1019 nomine
888 976 982 1040 agere
996 956 1057 1019 tibi
1080 977 1150 1041 gra·

180 1041 243 1103 tias
266 1040 413 1121 debeam,
442 1043 550 1104 tamen
578 1040 634 1103 illa
662 1062 742 1123 quae
768 1060 826 1124 pro
854 1061 978 1103 summa
1006 1040 1150 1104 redemi

143 1145 168 1186 ιο
181 1123 322 1208 forisque
344 1124 474 1209 gessisti
500 1145 585 1188 nunc
609 1147 648 1188 ex
668 1127 760 1208 parte
788 1125 927 1188 maxima
948 1125 1149 1207 praetermit-

181 1214 263 1291 tam,
291 1213 328 1273 ut
350 1215 471 1293 quanto
500 1211 588 1273 ocius
617 1209 657 1272 ad
680 1231 717 1273 ea
739 1231 819 1293 quas
840 1231 899 1292 pro
925 1231 959 1272 re
983 1212 1058 1272 sunt
1079 1231 1150 1292 per-

181 1294 292 1357 ueniat
314 1295 426 1358 oratio.

245 1378 304 1442 III.
349 1380 403 1442 An
427 1400 487 1463 ego
516 1401 602 1442 nuno
624 1383 768 1462 receptas
796 1379 914 1442 uirtute
936 1381 992 1442 tua
1016 1377 1148 1459 Gallias,

181 1463 362 1527 barbariam
390 1485 518 1540 omnem
546 1463 711 1528 subactam
733 1485 865 1547 pergam
888 1463 980 1546 quasi
1008 1484 1093 1526 noua
1119 1467 1167 1527 et·

144 1569 168 1608 15
182 1547 328 1611 inaudita
355 1548 557 1611 memorare?
600 1570 679 1632 quae
707 1548 741 1611 in
770 1548 830 1612 hac
857 1547 995 1612 Romani
1023 1548 1152 1630 imperii

181 1635 272 1714 parte
300 1632 531 1716 gloriosissima
563 1636 638 1696 sunt
664 1632 768 1696 famae
796 1633 889 1696 laude
923 1632 1081 1696 celebrata
1115 1633 1151 1696 in

181 1721 309 1780 tantum
337 1721 373 1780 ut
394 1717 596 1800 imperatoris
623 1717 734 1780 fratris
761 1718 959 1780 mererentur
983 1717 1150 1780 inuidiam.

182 1801 258 1884 quid
281 1801 365 1864 enim
392 1801 478 1865 aliud
501 1825 520 1865 a
540 1805 574 1864 te
597 1803 755 1866 consortis
779 1802 1007 1886 [imperatoris]
1031 1800 1152 1865 aliena-

183 1886 230 1950 uit
253 1887 394 1950 animum
421 1887 484 1950 nisi
507 1886 629 1971 gloriae
651 1890 726 1950 tuae
749 1884 926 1970 splendor?
969 1889 1070 1950 testor
1091 1886 1151 1950 im-

144 1992 168 2031 ao
183 1971 350 2034 mortalem
360 1970 464 2054 deum,
479 1973 580 2034 testor
595 1971 635 2035 ad
647 1971 751 2036 uicem
761 1971 902 2034 numinis
914 1970 994 2035 mihi
1006 1974 1152 2034 sanctam

8 2057 103 2112 'cs
133 2063 136 2066 '
182 2055 409 2120 conscientiam
430 2077 534 2118 meam
557 2077 607 2118 me
628 2057 729 2118 multa
750 2059 934 2122 constanter
955 2055 990 2118 in
1012 2053 1074 2118 hac
1095 2077 1151 2138 po-

180 2139 339 2203 tissimum
360 2140 438 2203 urbe
460 2139 559 2202 fuisse
581 2140 740 2202 dicturum
762 2140 872 2204 dehis
894 2161 975 2224 quae
998 2138 1151 2203 aduersus

181 2224 338 2306 optimum
361 2224 586 2306 imperatorem
608 2224 817 2288 inclementer
839 2227 871 2289 et
892 2225 989 2307 impie
1008 2222 1154 2308 cogitata

181 2311 276 2392 atque
304 2311 452 2391 suscepta
479 2311 568 2389 sunt,
599 2309 628 2371 si
649 2309 831 2373 etiamnunc
853 2309 1020 2372 hominum
1042 2313 1153 2372 coetus

143 2414 168 2453 as
182 2392 273 2456 diuus
297 2393 507 2458 Constantius
535 2392 762 2477 frequentaret.
806 2415 982 2476 numquam
1005 2392 1152 2476 profecto

181 2477 275 2541 liberi
303 2478 382 2540 ciuis
411 2481 443 2541 et
464 2477 541 2540 boni
566 2478 722 2541 senatoris
751 2477 857 2542 officio
880 2477 1050 2541 defuissem
1073 2498 1154 2560 quo·

181 2562 286 2625 minus
319 2561 543 2646 redarguerem
560 2565 672 2646 *atque
702 2562 923 2627 conuineerem
960 2583 1013 2625 eas
1038 2561 1087 2625 illi
1115 2562 1154 2625 in

181 2648 213 2709 te
236 2645 300 2709 odii
320 2645 421 2709 fuisse
449 2667 560 2709 causas
583 2669 662 2730 quae
691 2648 808 2711 amoris
830 2645 1089 2710 inflammatrices
1117 2650 1154 2710 et

181 2729 255 2794 fidei
277 2730 404 2795 obsides
427 2748 496 2794 esse
520 2731 696 2814 debuerint.

181 2907 383 2914 m·-

249 3007 263 3054 1
284 3019 313 3054 es
332 3010 408 3055 ortus
427 3006 534 3068 scripsi:
554 3009 665 3055 exortus
678 3007 705 3052 Μ
724 3010 836 3054 exortus
855 3020 884 3054 es
899 3002 1032 3054 Liuineius
1045 3001 1083 3067 12
1103 3019 1155 3054 su·

181 3072 368 3136 spicacissimo
386 3073 406 3120 B
425 3074 442 3121 0
460 3074 493 3120 W
522 3069 532 3138 1
562 3071 724 3122 ediceret
753 3069 763 3136 11
793 3071 948 3121 ‘lhonorll
977 3069 987 3136 11
1018 3072 1049 3119 11
1069 3085 1156 3134 quam

181 3140 257 3189 ocius
275 3154 300 3188 w
324 3141 328 3200 1
352 3155 401 3205 pro
420 3141 573 3203 rescripsi:
594 3140 704 3204 proprie
723 3141 750 3187 Ι
768 3155 816 3203 pro
837 3140 878 3188 ria
896 3139 955 3190 cdd.
986 3136 997 3203 1
1026 3140 1060 3188 14
1077 3153 1156 3188 noua

181 3213 206 3254 et
223 3206 337 3256 Romani
355 3224 401 3258 om.
420 3209 437 3256 0
466 3203 477 3271 11
508 3209 538 3256 16
557 3212 620 3255 sunt
639 3220 676 3254 w:
695 3207 750 3255 sint
767 3209 795 3254 nr
818 3155 834 3271 1
854 3209 884 3256 17
902 3206 1076 3271 imperatoris
1095 3205 1156 3255 fra·

181 3274 233 3323 tris
250 3274 273 3321 A
289 3274 381 3324 Bert:
404 3277 506 3325 inuersa
525 3276 615 3325 ordine
633 3275 653 3323 B
671 3276 689 3324 0
707 3274 729 3321 V
746 3275 779 3321 W
808 3272 818 3340 11
848 3277 879 3324 18
901 3273 976 3323 aliud
996 3289 1012 3323 a
1030 3277 1057 3324 te
1074 3274 1110 3321 A:
1137 3289 1156 3324 a

180 3345 209 3389 te
228 3340 305 3390 aliud
321 3343 342 3390 B
360 3344 378 3392 0
396 3342 418 3390 V
436 3343 469 3390 W
492 3339 497 3406 1
520 3342 695 3405 imperatoris
713 3342 762 3391 del.
781 3344 913 3391 Liuineius
936 3339 947 3406 11
970 3343 1003 3392 20
1022 3345 1112 3391 testor
1130 3343 1157 3390 Δ

180 3407 273 3457 Bm..-
291 3425 338 3457 om.
355 3410 375 3457 B
394 3412 412 3458 0
431 3410 453 3457 V
471 3412 503 3458 W
521 3407 531 3473 ΙΙ
552 3411 584 3460 al
603 3409 775 3474 potissimum
792 3409 867 3459 Bert.
884 3409 920 3458 A:
938 3424 985 3459 om.
1003 3409 1024 3458 B
1042 3410 1060 3458 0
1079 3408 1101 3456 V
1119 3409 1156 3456 W

179 3472 247 3592 '2'92d
266 3480 295 3592 ebt
312 3491 359 3525 cm.
379 3476 453 3526 Bert.
470 3475 529 3541 1107
547 3479 628 3527 malim
646 3477 788 3541 quominus
807 3481 900 3527 reatus
918 3475 1112 3540 redarguerem
1140 3475 1154 3542 11

249 3558 263 3593 e
284 3546 421 3592 ueruntc
