2582 3992
180 176 222 240 62
502 178 526 228 1.
560 179 590 228 Ο.
608 179 726 230 PLINII
743 177 823 230 PAN.

179 328 372 394 utilitatibus
395 329 624 412 etinsurgere.
664 329 872 392 omnesante
893 331 926 392 te
949 329 1059 394 eadem
1074 331 1151 396 'ista

180 414 339 494 dixerunt,
361 407 483 476 nemini
505 417 612 476 tamen
636 416 712 475 ante
734 414 766 474 te
789 411 942 476 creditum
964 417 1021 478 est.
1052 420 1151 481 erant

180 499 361 562 subuculis
383 497 555 582 naufragia
576 495 758 579 multorum,
781 509 860 579 quos
881 497 1036 562 insidiosa
1057 503 1145 566 tran·

180 582 338 666 quillitate
380 583 548 664 proueotoe
590 577 784 663 improuisus
826 581 925 644 turbo
956 584 1147 665 pertulerat,

153 668 263 750 equod
287 667 373 730 enim
393 669 460 729 tarn
482 665 621 728 infidum
637 685 726 730 mare
747 685 843 748 quarn
860 664 1036 733 blanditiae
1057 669 1148 751 prin·

180 753 287 834 eipum
309 751 451 831 illorum,
480 749 595 832 quibus
617 751 710 812 tanta
731 749 844 812 leuitas
886 753 977 814 tanta
998 752 1088 818 fraus
1107 759 1146 818 ut

180 835 321 900 securius
337 838 427 898 esset
448 835 547 897 iratos
568 855 665 918 quam
679 833 837 916 propitios
850 799 991 898 liabere?
1015 839 1047 900 te
1070 857 1146 902 uero

180 919 282 984 securi
315 922 350 983 et
375 919 590 1002 alacresque
614 939 710 982 ‘uoeas
742 917 910 1002 sequimur.
955 919 1045 984 iubes
1077 923 1147 986 esse'

178 1004 313 1068 liberos:
351 1003 483 1087 erimus3
527 1003 616 1067 iubes
645 1023 725 1086 quae
752 1003 908 1066 sentimus
929 1019 1083 1086 ⁴promere
1110 1007 1146 1070 in

142 1105 167 1145 10
179 1087 341 1152 mediume
371 1087 580 1170 proferemus,
629 1103 734 1170 neque
761 1087 847 1150 enim
881 1085 986 1152 adhue
1005 1089 1146 1174 *ignauia

180 1173 315 1257 quadarn
338 1174 370 1234 et
391 1171 491 1235 insito
513 1174 642 1255 torpore
664 1171 873 1236 oessauimus:
900 1175 1004 1236 terror
1027 1176 1060 1237 et
1081 1197 1144 1239 me·

178 1262 230 1322 tus
259 1259 291 1321 et
312 1256 430 1320 misera
451 1255 508 1320 illa
536 1275 573 1320 ex
595 1256 745 1340 perieulis
772 1255 859 1319 faeta
880 1257 1052 1342 prudentia
1078 1279 1145 1323 mo-

179 1342 278 1408 nebat
304 1345 340 1404 ut
368 1362 387 1404 a
413 1361 448 1404 re
475 1340 605 1424 publiea
638 1341 764 1426 (aberat
793 1343 900 1420 autem
918 1379 920 1382 -
935 1343 1066 1406 omnino
1094 1363 1147 1408 res

179 1425 322 1510 publiea)
346 1425 455 1489 oeulos
478 1445 569 1489 aures
590 1427 713 1490 animos
736 1427 958 1488 auerteremns.
1003 1429 1037 1490 at
1059 1443 1146 1491 nuno

142 1529 167 1568 ιε»
180 1516 236 1575 tua
255 1510 385 1574 dextera
403 1511 530 1593 tuisque
545 1510 709 1593 promissis
723 1509 800 1574 freti
820 1511 854 1572 et
866 1509 970 1573 innixi
991 1511 1146 1595 obsaepta

181 1596 305 1660 diutina
320 1594 473 1660 seruitute
490 1615 546 1658 ora
560 1613 735 1659 reseramus
750 1593 972 1677 frenatamque
986 1598 1038 1659 tot
1052 1596 1148 1660 malis

180 1681 323 1764 linguam
345 1679 544 1742 resoluimus.
582 1679 631 1744 uis
654 1679 743 1744 enim
761 1677 847 1742 tales
865 1699 934 1742 esse
956 1699 1014 1743 nos
1036 1682 1145 1764 quales

179 1766 285 1846 iubes,
314 1763 457 1846 nihilque
484 1762 760 1828 exhortationibus
777 1763 851 1826 'tuis
877 1763 1035 1846 fucatum,
1063 1763 1146 1830 nihil

181 1847 360 1929 subdolum,
373 1849 463 1912 *nihil
477 1848 612 1932 denique
631 1848 715 1931 quod
731 1847 913 1911 credentem
927 1847 1040 1912 fallere
1054 1853 1146 1932 paret

141 1957 167 1996 ao
179 1955 245 1999 non
268 1933 337 1997 sine
358 1931 500 2015 periculo
515 1931 666 1996 fallentis.
695 1953 797 2014 neque
819 1931 905 1995 enim
921 1947 1078 2018 ¹umquam
1092 1934 1145 1997 de-

94 2023 98 2031 '
180 2021 289 2100 ceptus
312 2019 361 2078 est
381 2015 531 2098 princeps
552 2016 616 2079 nisi
637 2017 691 2098 qui
713 2015 801 2098 prius
822 2015 892 2098 ipse
915 2016 1050 2100 derepit.

243 2098 373 2164 LXVII.
418 2098 576 2182 Equidem
597 2096 684 2164 huno
705 2098 848 2182 parentis
871 2100 992 2184 publici
1015 2121 1145 2166 sensum

180 2206 252 2248 eum
278 2205 316 2247 ex
339 2182 484 2246 oratione
513 2183 579 2247 eius
601 2187 670 2248 tum
692 2183 954 2268 pronuntiatione
979 2185 1053 2268 ipsa
1075 2207 1145 2268 per-

179 2269 319 2352 spexisse
340 2267 460 2331 uideor.
505 2289 585 2351 quae
607 2269 693 2332 enim
720 2268 777 2331 illa
799 2269 943 2351 grauitas
971 2271 1145 2336 sententia·-

140 2375 166 2416 25
179 2354 265 2418 rum!
294 2373 389 2436 quam
410 2351 597 2417 inaffeetata
618 2354 738 2418 ueritas
760 2351 945 2417 uerborum!
975 2357 1043 2418 tum
1064 2375 1147 2437 quae

179 2437 376 2502 adseueratio
392 2436 426 2499 in
442 2440 535 2502 uooel
558 2435 825 2522 quae-affirmatio
846 2437 881 2500 in
896 2437 1004 2502 uultui
1024 2442 1145 2522 quanta

178 2523 212 2586 in
234 2522 344 2604 oeulis,
366 2521 490 2598 habitu,
508 2528 617 2606 gestu,
644 2527 713 2588 toto
737 2523 872 2606 denique
895 2537 1027 2606 corpore
1049 2522 1144 2587 fidesi

177 2607 300 2671 tenebit
322 2625 399 2690 ergo
422 2627 548 2689 semper
563 2608 639 2691 quid
661 2607 798 2672 suaserit
814 2608 954 2690 soietque
976 2627 1046 2690 nos,
1069 2624 1145 2690 quo-

178 2692 262 2755 tiens
284 2690 466 2754 libertatem
488 2711 583 2774 quam
601 2692 690 2756 dedit
711 2690 919 2774 experiemur,
943 2691 1003 2754 sibi
1018 2713 1143 2773 parere.

140 2795 165 2835 eo
178 2797 238 2839 nee
267 2775 442 2840 uerendum
470 2779 520 2840 est
551 2795 592 2839 ne
620 2777 768 2841 ineautos
793 2777 901 2858 putet,
935 2774 963 2838 si
978 2775 1145 2839 *fidelitate

345 2901 381 2908 ⁴—-

245 2967 261 3016 2
279 2969 307 3016 te
325 2982 370 3016 om.
384 2964 404 3012 B
416 2961 465 3028 W}
483 2966 500 3014 4
517 2966 654 3029 profestos
673 2965 748 3030 Cusp.
762 2961 799 3028 117
815 2964 939 3014 securius
951 2978 1013 3027 epo:
1031 2963 1145 3014 facilius

176 3037 204 3083 1
222 3033 331 3084 felicius
349 3033 453 3096 Lipsiae
472 3029 522 3096 110
539 3033 701 3098 proferimus
719 3046 744 3082 w
761 3045 912 3096 promemus
926 3030 1110 3082 Ritterstusius
1130 3027 1142 3096 11

170 3103 210 3150 ’12
229 3100 306 3149 faeta
324 3099 534 3154 del-Eruenda&
551 3103 634 3151 malim
651 3096 739 3163 natal!
753 3100 784 3148 13
803 3099 898 3147 aberat
913 3099 1023 3160 scripsi:
1041 3101 1099 3148 erat
1116 3099 1143 3145 Μ

176 3166 253 3217 nulla
266 3170 357 3217 autem
368 3169 425 3216 erat
438 3180 455 3232 ς
473 3169 533 3216 erat
550 3172 642 3218 eutem
654 3167 763 3216 omnino
775 3165 853 3216 nulla
869 3167 928 3217 edd.
941 3162 951 3229 11
966 3166 997 3214 15
1015 3161 1140 3232 obsepta]

177 3235 275 3284 obtuta
293 3234 327 3286 N.
345 3235 467 3300 Heinsius
485 3233 614 3288 obserata
630 3235 767 3283 Ernestius
782 3229 793 3296 11
810 3234 843 3282 19
860 3231 929 3281 nihil
947 3234 1007 3282 add.
1027 3233 1143 3283 Keiliur:

178 3318 225 3352 em.
243 3300 283 3364 Η,
300 3307 360 3365 post
378 3301 492 3366 denique
509 3305 570 3353 edd.
589 3317 606 3368 ς
627 3300 639 3366 11
664 3303 697 3351 23
715 3315 749 3350 ex
768 3300 890 3350 oratione
907 3300 1028 3364 Lipsius:
1048 3299 1144 3350 exhor-

177 3369 282 3418 tatione
300 3368 327 3417 Η
350 3367 355 3436 1
379 3374 437 3418 tum
459 3383 473 3417 e
496 3383 574 3432 pron.
600 3370 628 3420 θ.
647 3369 683 3418 H.
704 3365 861 3428 Soteeferus
884 3366 889 3429 1
913 3367 1084 3434 perspexisse
1101 3365 1143 3416 Si·

176 3437 302 3486 elrardus:
324 3436 475 3500 respexisse
492 3436 520 3482 Ι
540 3434 550 3500 11
571 3439 605 3486 25
627 3436 746 3485 uerborir
766 3441 823 3484 tum
843 3449 911 3498 qnae
927 3435 1035 3497 scripsi:
1059 3431 1143 3484 uerbo

177 3518 266 3553 rerum
283 3517 354 3568 quae
371 3506 412 3554 uel
428 3517 569 3566 rerumque
584 3503 612 3549 1
