2572 3990
420 213 581 264 sarrano
600 213 634 266 n.
655 216 764 265 49-51.
873 186 875 190 ’
1033 215 1075 279 45

103 368 215 428 tamen
244 366 276 426 et
303 362 417 427 laetari
447 364 597 428 uidentur
625 363 710 447 quod
737 363 873 448 niteant,
901 365 985 448 quod
1013 365 1074 429 fre·
1159 419 1160 422 ,

103 451 312 532 quententur,
340 448 423 531 quod
452 449 624 531 aliquando
655 448 820 530 coeperint
856 469 924 512 esse
956 450 1077 514 domini

104 532 247 597 scientis.
290 533 512 596 circumfertur
542 533 600 597 sub
628 532 758 596 nomine
786 531 932 597 Caesaris
965 535 1076 598 tabula

104 619 221 714 ingens
244 639 351 681 rerum
373 616 548 698 uenalium3
578 639 640 702 quo
668 617 706 680 fit
728 618 915 682 detestanda
943 620 1077 683 auaritia

104 702 192 766 iilius
216 701 272 785 qui
293 705 360 765 tam
382 702 482 766 multa
505 702 760 786 concupiscebat,
785 723 857 774 oum
879 701 1011 766 haberet
1026 720 1102 766 sus

104 808 266 870 peruacua
288 790 356 850 tam
378 787 490 852 multa.
528 790 596 851 tum
620 786 757 852 exitialis
780 790 849 850 erat
877 787 961 869 apud
989 787 1077 871 prin-

106 872 211 954 cipem
239 870 313 935 huic
342 871 439 935 latior
462 871 584 954 domus,
608 871 657 935 illi
679 872 843 936 amoenior
870 872 963 954 uilla5
991 893 1077 936 nunc

104 957 255 1039 princeps
277 955 312 1018 in
335 955 415 1019 haee
437 956 547 1020 eadem
569 956 713 1020 dominos
736 956 872 1040 quaerit,
895 957 964 1040 ipse
987 957 1078 1020 indu·

106 1041 164 1104 cit:
188 1040 277 1123 ipsos
299 1040 372 1104 illos
394 1042 505 1124 magni
527 1040 699 1124 aliquando
727 1041 929 1124 imperatoris
957 1041 1077 1123 hortos,

106 1124 186 1188 illud
215 1146 391 1208 numquam
417 1126 481 1189 nisi
509 1124 655 1190 Caesaris
687 1126 905 1190 suburbanum
932 1125 1075 1206 licemur,
1091 1144 1115 1184 10

106 1211 254 1291 emimus,
278 1210 457 1292 implemus.
494 1213 588 1274 tanta
602 1211 788 1294 benignitas
802 1211 968 1294 principis,
984 1213 1078 1274 tanta

106 1294 263 1358 securitas
286 1297 467 1377 temporum
489 1299 538 1359 est
559 1298 595 1359 ut
616 1295 671 1358 ille
692 1317 751 1359 nos
774 1295 1007 1379 principalibus
1029 1315 1078 1359 re-

106 1379 165 1442 bus
189 1378 351 1442 existimet
374 1378 500 1464 dignos,
523 1401 582 1444 nos
605 1401 671 1443 non
693 1379 870 1460 timeamus,
901 1380 986 1463 quod
1009 1401 1078 1444 esse

107 1463 197 1547 digni
235 1463 389 1527 uidemur.
439 1485 499 1528 nec
532 1485 608 1528 uero
637 1464 763 1528 emendi
797 1467 926 1528 tantum
954 1464 1078 1528 ciuibus

107 1549 170 1610 tuis
194 1548 320 1631 copiam
342 1548 486 1632 praebes
515 1548 570 1613 sed
593 1549 818 1613 amoenissima
846 1570 990 1632 quaeque
1017 1550 1077 1613 lar·
1092 1566 1116 1603 15

105 1632 187 1716 giris
211 1637 244 1696 et
266 1633 378 1718 donas,
402 1633 476 1715 ista,
500 1633 641 1716 inquam,
665 1633 765 1696 donas
787 1634 822 1697 in
845 1655 925 1716 quae
948 1632 1078 1715 electus,

108 1719 142 1780 in
169 1739 251 1801 quae
285 1717 454 1800 adoptatus
486 1739 533 1780 es:
571 1716 726 1780 transfers
759 1717 842 1800 quod
875 1717 993 1781 iudicio
1029 1737 1079 1780 ac-

107 1802 222 1886 cepisti
251 1823 287 1866 ac
314 1802 397 1865 nihil
419 1803 523 1886 magis
544 1805 635 1865 tuum
659 1801 760 1866 credis
788 1823 883 1885 quam
913 1801 995 1884 quod
1022 1822 1080 1884 per

106 1887 227 1950 amicos
249 1887 359 1950 habes.

171 1970 225 2034 LI.
264 1970 353 2034 Idem
381 1975 448 2034 tam
471 1991 586 2054 parcus
608 1972 643 2034 in
666 1970 861 2034 aedificando
884 1991 980 2053 quam
1009 1969 1079 2032 diii·
1092 1987 1118 2024 a

108 2077 188 2140 gens
224 2055 260 2118 in
286 2055 414 2119 tuendo.
458 2056 564 2139 itaque
596 2077 673 2136 non,
708 2058 745 2118 ut
772 2059 857 2138 ante,
891 2055 1080 2118 immanium

108 2140 348 2204 transuectione
372 2161 519 2204 saxorum
541 2141 629 2205 urbis
651 2143 738 2204 tecta
759 2141 953 2224 quatiuntur.
992 2141 1081 2203 stant

110 2246 238 2288 securae
261 2224 372 2289 domus
394 2246 454 2288 neo
485 2227 548 2288 iam
575 2225 696 2308 templa
722 2225 888 2289 nutantia:
926 2224 1003 2288 satis
1032 2227 1080 2286 est

109 2310 167 2372 tibi
190 2310 399 2393 nimiumque,
429 2332 501 2373 cum
530 2309 719 2374 successeris
747 2309 965 2394 frugalissimo
992 2309 1080 2390 prin·

110 2394 183 2477 cipi.
214 2415 370 2478 magnum
384 2414 469 2476 carc,
491 2393 632 2458 recidere
655 2393 776 2476 aliquid
798 2398 831 2458 et
853 2396 1019 2476 amputare
1042 2414 1080 2457 ex
1094 2407 1118 2445 2⁵

110 2478 262 2562 hisquae
284 2479 434 2562 princeps
456 2483 621 2562 tamquam
635 2479 817 2542 necessaria
832 2477 969 2561 reliquit.
992 2497 1084 2560 prae.

110 2567 199 2627 terea
221 2565 315 2646 pater
336 2566 409 2628 tuus
432 2565 541 2628 usibus
564 2565 629 2627 suis
646 2563 835 2628 detrahebat
850 2584 929 2647 quae
951 2561 1081 2625 fortuna

111 2647 239 2732 imperii
255 2647 394 2732 dederat,
417 2651 452 2712 tn
473 2649 536 2712 tuis
552 2670 632 2732 quae
654 2652 755 2731 pater.
794 2652 938 2731 atquem
957 2646 1081 2730 magni-

111 2733 189 2796 ficus
217 2733 252 2796 in
281 2732 443 2816 publicum
472 2735 520 2796 es!
558 2733 635 2796 hinc
662 2729 813 2816 p'orticus,
845 2733 919 2796 inde
949 2730 1081 2794 delubra

111 2818 237 2881 occulta
259 2817 420 2882 celeritate
453 2821 675 2900 properantur,
705 2821 741 2881 ut
768 2838 834 2881 non
862 2818 1081 2879 consummata
1094 2831 1119 2868 30
1211 2813 1213 2822 ’

112 2901 167 2965 sed
189 2904 317 2966 tantum
341 2903 535 2966 commutata
556 2901 737 2966 uideantur.
785 2901 862 2964 hine
889 2900 1082 2962 immensum

182 3145 198 3192 3
217 3139 343 3208 scientis]
364 3142 398 3201 ef.
419 3141 562 3201 Gronouiuc
580 3141 633 3193 obs.
652 3140 701 3190 IV
717 3143 749 3189 16
767 3155 822 3189 non
840 3139 986 3190 seruientia
1006 3140 1082 3190 Caia-

114 3225 192 3259 naeuc
211 3209 328 3259 fruentis
345 3211 452 3273 Lipsius
481 3207 491 3274 ΙΙ
519 3211 536 3259 4
555 3225 607 3274 quc
626 3207 656 3259 fit
679 3210 844 3259 Perizonius:
868 3207 940 3272 qnod
963 3208 999 3258 sit
1022 3206 1079 3273 11111

115 3275 234 3327 ilatior
255 3279 363 3342 scripsi:
387 3276 525 3327 laxiori!
554 3284 564 3335 li
596 3279 626 3328 11
652 3277 797 3326 eminuso
827 3272 837 3339 ΙΙ
867 3277 899 3326 13
923 3276 1000 3340 digni
1022 3289 1082 3327 esse

115 3345 132 3390 c
161 3341 171 3408 ΙΙ
203 3345 235 3394 16
252 3345 308 3395 ista
325 3345 471 3395 Liuineius:
487 3345 528 3394 ita
545 3346 572 3392 ii
596 3341 606 3408 ΙΙ
629 3347 663 3394 20
681 3349 736 3394 tam
755 3357 856 3408 parcus
874 3357 904 3394 es
922 3344 1054 3394 Liuineius
1069 3341 1080 3408 i}

116 3413 147 3459 21
166 3411 326 3462 immanium
343 3425 380 3460 w:
401 3413 524 3462 inanium
541 3415 558 3462 (1
576 3413 605 3462 in
624 3413 718 3462 auium
735 3413 756 3460 B
774 3413 796 3460 V
813 3409 823 3476 ΙΙ
845 3412 878 3461 25
896 3425 960 3462 uero
978 3413 1082 3462 addidi:

116 3493 162 3529 om.
181 3479 227 3545 ΠΙ
244 3481 367 3530 recidere
388 3480 530 3532 Gronoaius
548 3481 600 3531 obs.
618 3481 666 3530 IV
682 3483 729 3530 16:
748 3481 851 3530 reicere
869 3481 896 3528 111
916 3476 926 3544 ii
951 3481 983 3529 26
1001 3480 1082 3529 molini

117 3547 245 3614 princeps
264 3552 318 3598 tam
337 3548 466 3599 astrictus
484 3552 623 3613 tamquam
640 3546 650 3613 ΙΙ
667 3550 700 3599 28
718 3547 859 3612 tut-iusque
879 3553 957 3612 pater
975 3549 992 3595 0
