2572 3990
517 241 734 292 PRAEFATIO.
1041 244 1111 296 XIII

203 397 253 454 Ex
281 394 325 454 eis
353 413 433 474 quae
461 395 495 453 in
523 393 550 453 A
577 415 608 473 p.
635 395 694 454 198
725 402 756 454 et
779 397 839 454 199
867 396 1014 475 leguntur
1040 395 1111 456 sub·

138 478 359 558 scriptionibus
374 487 462 558 patet
471 478 644 556 Hergotum
659 477 698 538 ab
715 498 741 536 a.
757 481 968 542 1458—1460
981 482 1111 560 Magnu-

138 566 202 624 tiao
225 572 443 624 commoratum
465 582 543 623 esse.
577 583 656 642 quae
678 564 773 643 igitur
795 565 891 642 magis
913 567 947 624 in
969 573 1112 645 promptu

140 656 188 709 est
214 649 392 709 coniectura
414 667 505 727 quam
532 646 641 708 eodem
669 649 722 708 illo
745 656 883 728 tempore
906 652 1110 728 panegyricos

138 753 263 813 quoque
292 753 361 793 eum
390 752 429 791 ex
457 732 563 793 codice
584 733 768 812 Maguntino
796 734 908 812 partim
934 735 1036 813 ipsum
1058 733 1110 794 de·

137 819 309 897 scripsisse,
326 817 437 896 partim
454 815 672 878 describendos
688 837 811 878 curasse
829 815 881 894 (cf.
898 827 964 878 not.
979 838 1011 898 p.
1023 817 1110 894 XI)?

140 922 178 962 ea
200 911 303 962 autem
326 921 394 960 cum
412 921 484 961 cura
504 901 551 961 illi
567 901 715 982 descripti
736 911 809 966 sunt
826 911 869 976 ut,
894 903 921 962 si
935 902 1111 964 leuidenses

138 987 289 1066 quosdam
311 984 429 1046 scribae
453 1005 586 1054 errores,
615 995 649 1046 ut
670 1005 727 1066 par
749 994 808 1060 est,
840 988 1020 1061 omittimus,
1045 987 1111 1048 fere

139 1073 257 1150 depicti
284 1070 453 1131 uideantur
483 1070 644 1150 archetypi
672 1071 794 1131 ductus.
845 1071 906 1130 iam
933 1074 959 1132 si
988 1071 1015 1131 A
1043 1091 1112 1131 cum

136 1155 163 1214 B
186 1154 207 1216 ὓ
228 1154 256 1215 V
276 1155 317 1216 W
343 1174 566 1234 comparamus,
602 1155 664 1215 dici
691 1157 745 1216 uix
773 1162 875 1234 potest
903 1164 1052 1234 quantum
1078 1155 1111 1215 hi

137 1259 214 1319 prae
235 1239 318 1299 illius
341 1241 534 1319 praestantia
555 1240 713 1304 sordeant.
742 1260 810 1308 cum
832 1249 935 1300 autem
957 1242 1111 1300 sexcentis

136 1325 214 1385 locis
236 1325 303 1384 siue
324 1326 358 1383 in
378 1324 499 1385 lacunis
521 1325 589 1383 siue
610 1325 644 1382 in
667 1325 849 1403 corruptelis
871 1325 938 1384 siue
960 1325 994 1383 in
1014 1344 1110 1404 praua

136 1409 303 1470 uerborum
331 1409 534 1468 collocatione
558 1408 584 1467 B
606 1407 627 1469 ὓ
649 1407 677 1468 V
697 1408 738 1469 W
764 1409 851 1488 quasi
878 1409 1000 1486 agmine
1029 1408 1109 1469 facto

138 1491 288 1553 contraA
310 1501 402 1566 stent,
425 1494 492 1553 fieri
514 1513 578 1553 non
600 1501 703 1572 potest
725 1494 801 1572 quin
823 1493 879 1566 illi,
903 1493 1043 1572 quamuis
1068 1493 1111 1552 di·

137 1579 222 1638 uersi
243 1580 326 1637 inter
347 1595 396 1650 se,
424 1587 528 1637 tamen
551 1597 570 1636 a
592 1579 745 1638 communi
772 1579 836 1637 sint
856 1579 952 1657 stirpe
975 1576 1109 1638 deducti.

136 1663 244 1742 itaque
266 1663 293 1720 si
314 1670 489 1741 reputamus
511 1662 544 1719 in
559 1661 653 1721 Italia
668 1663 833 1739 plerosque
856 1681 960 1720 eorum
981 1663 1110 1740 scriptos

137 1767 215 1820 esse,
239 1745 324 1825 quid,
344 1765 469 1824 quasso,
486 1747 552 1804 ueri
568 1754 615 1805 est
629 1746 757 1804 similius
773 1764 864 1823 quam
879 1765 918 1805 ex
932 1746 1109 1824 apographo

137 1852 156 1891 a
178 1831 245 1890 Ioa.
269 1830 406 1909 Aurispa
427 1830 509 1890 iacto
530 1829 555 1888 B
571 1828 592 1890 ὓ
606 1828 634 1889 V
647 1829 688 1890 W
708 1828 855 1888 fluxisse?
888 1828 961 1888 hinc
983 1839 1110 1888 stemma

137 1915 281 1976 codicum
302 1934 438 1975 meorum
461 1913 566 1974 euadit
588 1913 680 1973 hoce:

223 2167 250 2227 A
624 2168 778 2247 Autispae
802 2167 958 2246 exemplar

931 2469 952 2530 (l
983 2469 1047 2530 BV

843 2549 965 2633 <mro

202 2675 272 2732 Duo
295 2673 391 2751 igitur
413 2671 577 2751 archetypi
591 2671 770 2750 Maguntini
792 2672 873 2731 facta
895 2681 969 2731 sunt
985 2673 1109 2732 saeculo

138 2759 201 2816 XV
223 2755 415 2836 apographa,
447 2776 544 2816 unum
567 2756 759 2833 diligentius,
788 2756 918 2815 alterum
940 2764 1047 2835 utpote
1071 2755 1109 2816 ab

138 2842 220 2902 Italo
243 2840 471 2919 neglegentius.
514 2859 617 2919 neque
640 2848 743 2899 tamen
766 2859 803 2898 eo
825 2837 1016 2899 solummodo
1038 2859 1108 2918 pec-

140 2927 223 2986 cauit
236 2925 371 3004 Aurispa
386 2924 471 3004 quod
485 2924 582 2984 multa
596 2923 675 2982 false
691 2924 864 3002 descripsit,
883 2923 979 2981 multa
994 2924 1109 2983 omisit:

139 3011 240 3089 ipsum
262 3011 323 3070 iam
340 3007 391 3068 hic
412 3009 476 3068 illic
498 3008 634 3067 criticum
656 3008 756 3085 egisse
771 3014 875 3085 potest
896 3007 1110 3068 animaduerti.

139 3095 238 3154 ueluti
260 3113 333 3172 pan.
357 3093 407 3152 IX
430 3093 469 3150 22
499 3093 617 3152 ‘cessat
643 3099 726 3151 terra
754 3089 932 3164 noualibus,
964 3091 1110 3153 dicuntur

138 3179 294 3238 interdum
304 3178 432 3238 flumina
446 3177 599 3250 resistere,
616 3176 662 3236 sol
677 3177 745 3254 ipse
761 3175 902 3236 noctibus
919 3179 1107 3256 acquIescit',

137 3409 188 3444 nes
200 3393 220 3448 l,
233 3394 253 3443 l.
266 3410 292 3458 p.
306 3395 449 3456 stt-320,
468 3392 556 3444 edidit
567 3393 726 3457 Muellerus,
743 3409 856 3458 quarum
867 3394 1011 3459 plerasque
1025 3395 1109 3444 etiam

137 3461 314 3525 Upsaliensis
337 3460 455 3512 exhibet.
490 3460 560 3512 false
578 3468 671 3512 autem
694 3477 772 3512 suum
792 3462 913 3512 codicem
936 3476 1019 3511 manu
1037 3463 1108 3512 Her·

139 3529 200 3593 goti
217 3530 351 3593 scriptum
370 3543 430 3580 asse
448 3530 548 3580 statuit
566 3529 643 3579 idem.
