2578 4000
299 173 556 229 CONSTANTINO
574 176 746 228 AUGUSTO
764 179 797 228 D.
818 179 926 232 14-16.
952 211 954 216 π
1028 177 1093 243 225

126 327 191 391 tuis
214 325 345 410 distant,
368 325 402 389 in
420 325 696 409 proximosaltim
717 326 856 390 iustitiae
878 328 984 412 gradu
1002 349 1093 412 repo·

126 414 256 495 nentur.
299 409 443 474 Romano
470 410 606 494 quodam
634 410 669 474 in
691 411 775 474 bello
800 410 910 475 ferunt
932 412 993 476 duo
1022 434 1093 476 cum

127 495 215 579 equis
244 495 374 558 iuuenes
402 495 544 559 extitisse
573 495 761 579 spectandos
783 495 885 558 forma
907 497 1029 580 pariter
1056 519 1099 560 acv

125 580 264 658 ciritae,
294 580 369 662 quia
395 580 430 643 in
453 579 634 643 dimicando
656 582 783 664 praeter
810 583 931 644 ceteros
953 580 1092 665 insignis

126 664 278 745 trissant,
307 666 396 727 iussu
423 663 622 746 imperatoris
651 664 691 727 ad
713 663 977 728 remunerandam
1004 663 1119 727 indu-5

126 749 239 812 striam
260 747 439 831 requisitos.
476 749 531 810 ubi
553 747 633 812 nulli
655 748 912 829 inueniebantur,
937 748 1015 812 fides
1037 747 1093 811 ha-

126 833 195 897 bita
223 837 271 896 est
300 833 426 896 diuinos
453 831 567 914 fuisse,
602 832 687 916 quod
718 854 789 896 cum
816 833 957 896 laborem
985 832 1093 897 sedulo

126 916 458 997 communicauissent‚
480 916 600 980 laboris
614 918 751 1001 pretium
774 919 979 1000 respuissent.
1008 917 1093 1001 equi-

125 1003 198 1066 dem
219 1000 373 1064 historiae
395 1021 460 1064 non
482 1001 603 1064 inuitus
626 1002 790 1066 assentior.
826 1023 928 1086 neque
951 999 1093 1065 enimin

125 1086 187 1150 hoo
216 1085 283 1149 ueri
304 1085 527 1168 interpolatrix
549 1085 689 1150 tenenda
717 1107 797 1171 quae
826 1107 859 1149 se
886 1107 952 1150 uon
974 1107 1092 1149 uanam
1106 1106 1131 1145 10

126 1169 329 1254 antiquitatis
356 1169 504 1233 nuntiam
526 1169 704 1253 pollicetur.
750 1171 803 1234 sed
826 1174 935 1234 tamen
961 1170 1010 1234 illi
1038 1172 1094 1254 qui

124 1254 187 1318 hoc
219 1253 383 1318 annalium
417 1254 623 1318 monimentis
657 1255 866 1338 illigauerunt
901 1254 1094 1318 uerebantur

124 1360 166 1402 ne
196 1343 274 1421 aput
294 1340 438 1421 posteros
464 1338 610 1402 miraculi
632 1338 710 1401 fides
733 1337 936 1402 claudicaret.
981 1341 1092 1420 estote,

126 1446 144 1486 o
160 1421 344 1507 grauissimi
359 1424 514 1506 auctores,
537 1421 576 1484 de
594 1422 785 1505 scriptorum
806 1421 960 1505 religione
975 1421 1092 1485 securi:

125 1507 283 1572 credimus
305 1505 391 1570 facta
419 1506 473 1590 qui
495 1507 618 1569 maiora
644 1527 730 1569 nuno
756 1506 929 1570 sensimua
968 1506 1093 1653 maffni-
1106 1525 1133 1566 15

124 1591 204 1655 tudo
222 1591 378 1674 principis
399 1589 504 1654 nostri
525 1590 626 1674 gestis
649 1597 794 1654 ueterum
815 1589 910 1654 fidem
933 1592 1024 1656 couci
1037 1591 1093 1673 iat,

126 1676 182 1740 sed
196 1674 385 1739 miraculum
400 1672 549 1739 detrahit.
573 1695 631 1757 pro
652 1673 763 1738 auxilii
785 1675 1093 1758 copianegotiorum

124 1760 208 1824 ratio
231 1759 392 1824 metienda
415 1760 473 1822 est.
502 1756 563 1822 duo
582 1759 745 1841 quondam
766 1759 908 1838 iuuenes,
932 1759 987 1822 sed
1007 1780 1094 1823 nuno

126 1843 285 1908 exercitus
307 1842 378 1908 uisi.
409 1841 470 1906 hoc
494 1843 579 1906 certe
601 1841 728 1907 uberius
750 1863 810 1907 nec
833 1842 992 1906 infirmius
1013 1843 1093 1906 ueri·

124 1932 204 1992 tate.
249 1930 314 1992 stat
341 1929 531 2011 argumento
559 1927 678 2010 duplici
705 1926 783 1990 fides
810 1927 902 1990 nixa:
941 1926 986 1990 sic
1014 1925 1092 1992 Con·
1106 1948 1132 1986 ao

126 2011 288 2078 stantinus
310 2012 414 2076 iuuari
435 2011 566 2090 meruit,
590 2011 636 2076 sic
658 2009 768 2074 debuit
789 2010 891 2074 Roma
913 2011 1043 2074 seruari.

190 2095 280 2161 XVI.
326 2096 482 2180 Magnum
504 2095 581 2179 hoo,
604 2096 780 2179 imperator
802 2096 955 2178 maxime,
978 2095 1033 2158 sed
1056 2095 1093 2158 de

125 2183 182 2245 tua
196 2181 315 2264 pietate
337 2202 403 2245 non
417 2181 543 2245 mirum.
574 2181 684 2244 adesse
699 2179 759 2245 tibi
781 2179 817 2243 in
838 2180 988 2244 omnibus
1010 2201 1094 2242 eum-

125 2287 210 2329 mam
234 2265 324 2328 illam
346 2265 546 2328 maiestatem
569 2286 648 2349 quae
667 2267 699 2327 te
723 2264 935 2348 circumplexa
957 2267 1093 2347 tueatur,

127 2350 311 2414 coniectura
326 2349 483 2414 mentium
493 2348 692 2430 tenebamus,
709 2349 771 2411 etsi
785 2348 930 2413 nondum
945 2347 983 2411 ad
998 2349 1132 2412 iidemu

125 2434 258 2517 patebat
280 2433 453 2500 oculorum.
496 2432 615 2497 etenim
638 2454 710 2497 cum
731 2453 821 2496 mens
843 2437 899 2497 tua
920 2455 941 2498 a
963 2432 1092 2496 mortali

127 2519 321 2602 contagione
355 2519 490 2600 secreta,
526 2537 607 2600 pura
637 2516 757 2601 omnis,
793 2517 938 2582 funditus
968 2517 1094 2582 sincera

105 2602 242 2687 .ubique
266 2624 300 2666 se
321 2602 530 2686 promerendo
553 2603 612 2666 deo
634 2604 792 2686 praestet,
822 2624 894 2667 cum
915 2602 1017 2687 gloria
1038 2605 1094 2666 tua

126 2686 302 2750 humanum
323 2687 452 2752 modum
472 2707 699 2770 superegresea
720 2686 777 2750 sit:
800 2689 855 2770 qui
878 2691 928 2751 est
950 2687 1093 2750 omnium

195 2891 211 2938 2
231 2889 299 2938 duos
311 2892 328 2937 c
340 2891 374 2937 W
390 2886 401 2953 ΙΙ
417 2893 433 2939 3
451 2887 618 3020 arctandos
633 2889 742 2952 compat:
760 2893 890 2954 spectant
902 2904 933 2939 os
945 2890 968 2937 Δ
985 2895 1093 2955 specta-

126 2963 171 3009 tos
189 2955 319 3006 BGVW
335 2953 345 3020 ΙΙ
365 2957 382 3005 4
401 2957 464 3020 quia
497 2955 637 3020 quchrt.
657 2951 662 3018 Ι
682 2955 805 3020 insignes
824 2953 867 3022 0ss
886 2957 1093 3006 1111111111-

127 3027 204 3088 dum,
229 3040 275 3074 om.
294 3023 507 3085 industriam‚0
536 3020 546 3088 ΙΙ
577 3024 672 3073 ”lcum
689 3023 712 3070 A
728 3022 820 3076 Bora:
842 3039 891 3073 om.
906 3024 927 3070 B
945 3025 962 3071 ὓ
980 3023 1052 3072 VW
1079 3021 1091 3089 ll

126 3095 143 3144 8
167 3091 411 3142 communicassent
427 3091 448 3140 B
466 3091 488 3137 V
505 3090 538 3139 W
572 3089 576 3149 Ι
605 3093 769 3154 respuerunt
786 3092 809 3138 A
837 3088 847 3154 ΙΙ
879 3093 910 3140 10
933 3090 1093 3154 interpella-

124 3161 215 3210 trle
244 3157 254 3223 ΙΙ
285 3161 319 3208 12
335 3158 573 3224 alligaueruntW
590 3171 608 3206 u
637 3154 647 3222 Ι]
678 3159 709 3206 15
732 3157 868 3208 credimus
886 3158 1013 3224 Lanyiua:
1035 3173 1093 3210 cre·

125 3227 222 3278 damus
240 3229 268 3274 11
297 3225 307 3292 ΙΙ
337 3229 369 3276 19
386 3223 454 3290 uici]
473 3225 527 3276 nisi
542 3226 577 3273 W
593 3239 619 3272 m
642 3225 647 3288 Ι
673 3230 748 3274 certo
767 3223 813 3274 uel
830 3225 941 3276 uberius
958 3225 1045 3289 Bere,
1063 3231 1093 3276 et

125 3297 200 3346 uber.
219 3295 350 3344 Liuineius
379 3291 389 3358 ΙΙ
418 3295 451 3344 20
469 3294 548 3344 sato
578 3289 588 3357 ΙΙ
618 3293 651 3342 24
670 3292 853 3358 circumplexa
870 3293 1017 3344 Liuineius:
1041 3295 1092 3344 cir-

127 3361 260 3413 cumflexa
277 3363 304 3412 1
328 3359 338 3427 ΙΙ
361 3363 394 3412 25
412 3362 597 3412 coniecturam
614 3359 641 3408 1
666 3356 676 3424 ll
700 3360 732 3410 26
750 3375 767 3409 a
783 3362 888 3410 addidi:
909 3376 956 3411 om.
974 3361 1003 3409 Μ
1025 3359 1035 3426 ΙΙ
1059 3363 1091 3412 29

125 3443 317 3495 superegressa
335 3429 369 3477 A:
397 3443 578 3493 supergressa
599 3428 619 3477 B
638 3428 655 3475 0
674 3427 696 3473 V
712 3427 745 3476 W
767 3443 876 3492 egressa
898 3428 973 3482 Berr.
998 3425 1003 3494 Ι
1029 3429 1092 3493 quis

126 3505 168 3548 ent
186 3499 246 3548 cdd.
267 3495 270 3561 Ι
298 3498 416 3546 omnium
433 3499 467 3546 A:
486 3496 624 3548 hominum
642 3496 662 3545 B
680 3497 698 3542 G
716 3495 738 3544 V
755 3497 788 3544 W

172 3588 260 3626 Panno.
275 3597 330 3628 nnn.
907 3582 938 3630 15
