2582 3992
301 192 373 244 rao
392 190 671 244 ausrsuamms
690 192 828 244 scoms.
850 196 925 248 2-4.
1037 189 1100 256 119

129 339 407 424 magnificentiam
439 340 623 424 reformari,
666 340 780 406 deinde
811 363 874 425 qua
908 342 1032 407 ratione
1064 341 1098 406 id

130 425 234 510 pessit
265 425 333 489 sine
363 427 494 508 sumptu
521 425 667 509 publico,
700 447 740 489 ex
767 426 941 510 largitione
969 427 1098 510 quidem

128 509 314 594 principum
336 510 562 594 maximorum,
593 509 649 574 sed
670 513 780 573 tamen
803 531 875 575 eum
897 511 1003 593 aliquo
1025 531 1097 576 mec
1129 558 1130 562 ,

131 615 210 678 erga
254 594 370 658 atrium
392 594 499 658 studio
522 597 555 658 et
577 615 683 658 amore
704 594 884 678 procedere.

195 677 212 741 Ι
246 727 253 742 .
281 679 367 742 Ante
382 679 492 742 omnia
507 679 616 763 igitur,
638 679 688 743 uir
702 679 947 762 perfectissime,
970 677 1124 742 diuinaes
1180 736 1184 746 .

130 763 359 846 imperatorum
392 762 627 847 Caesarumque
659 766 845 828 nostrorum
877 762 1098 847 prouidentiae

131 847 353 932 singularique
368 848 403 910 in
417 868 477 911 nos
490 847 728 914 beniuolentiae
741 849 836 912 buius
851 869 976 932 quoque
991 847 1098 931 operis

130 934 168 996 a'a
188 933 422 996 instauratione
444 933 620 1016 parendum
643 936 707 1016 est,
741 933 795 1018 qui
817 933 981 997 ciuitatem
1002 932 1099 996 istam

129 1019 165 1081 et
192 1016 271 1079 olim
298 1016 440 1081 fraterno
467 1017 577 1100 populi
602 1016 740 1082 Romani
769 1016 898 1082 nomine
926 1017 1097 1102 gloriatam

129 1103 164 1164 et
191 1103 271 1164 tunc
299 1101 426 1165 demum
454 1101 645 1198 manissime
678 1101 768 1167 clude
795 1101 990 1186 perculsam,
1026 1121 1098 1165 cum
1111 1119 1136 1158 ιο

129 1185 301 1249 latrocinio
330 1184 534 1270 Bagaudmae
566 1186 750 1252 rebellionis
782 1187 912 1251 obsessa
945 1185 1099 1250 auxilium
1144 1217 1149 1224 =

129 1268 271 1335 Roman
292 1270 445 1354 principis
467 1270 559 1334 irrito
579 1274 725 1356 rogaret,
751 1292 819 1334 non
841 1271 944 1335 solum
965 1291 1024 1353 pro
1046 1268 1118 1333 ad?

129 1354 304 1418 miratione
325 1355 520 1440 meritorum,
543 1355 599 1419 aad
621 1356 718 1420 etiam
740 1376 798 1438 pro
820 1354 1026 1419 miseratione
1050 1374 1100 1418 ca·

129 1459 225 1503 suum
252 1438 398 1504 attollere
426 1461 464 1504 ac
485 1461 628 1504 recreare
653 1439 825 1503 uoluerunt
846 1439 1014 1523 ipsamque
1035 1437 1098 1501 rui-

128 1545 245 1588 narum
272 1524 340 1587 cius
361 1523 618 1608 magnitudinem
639 1523 873 1588 immortalibus
895 1522 1098 1588 liberalitatis
1113 1537 1137 1578 15

129 1628 208 1671 suae
243 1608 450 1672 monimentis
487 1608 619 1693 dignam
657 1608 897 1691 iudicauerunt,
934 1610 972 1672 ut
1006 1609 1099 1672 tanto

131 1695 217 1756 esset
238 1691 395 1756 illustrior
409 1692 514 1777 gloria
536 1693 756 1756 restitutorum
770 1695 892 1776 quanto
913 1691 984 1775 ipsa
1000 1691 1099 1755 moles

129 1775 345 1840 restitutionis
366 1777 548 1842 immanior.
586 1777 695 1860 itaque
716 1777 872 1840 maximas
894 1775 1046 1859 pecunias
1068 1777 1101 1838 et

129 1863 252 1943 totum,
281 1861 309 1924 si
337 1883 388 1926 res
411 1866 541 1958 poscat,
568 1862 730 1926 aerarium
757 1883 825 1925 non
846 1859 975 1944 templis
1003 1859 1099 1923 modo

130 1965 168 2010 ac
190 1944 270 2010 locis
299 1945 435 2028 publicis
464 1945 661 2026 reficiendis,
693 1946 749 2010 sed
771 1946 867 2010 etiam
889 1944 1024 2030 priuatis
1046 1944 1100 2008 do·
1113 1962 1138 2002 ao

130 2030 238 2094 mibus
260 2029 439 2114 indulgent,
462 2052 522 2096 neo
536 2031 688 2114 pecunias
704 2031 810 2114 modo,
833 2029 1002 2094 sedetiam
1024 2027 1100 2092 arti-

129 2115 207 2179 fioes
228 2115 461 2179 transmarinos
489 2118 522 2180 et
549 2137 587 2180 ex
610 2115 816 2200 amplissimis
839 2114 1004 2179 ordinibus
1027 2134 1099 2196 pro-

130 2200 311 2264 uinciarum
337 2199 459 2264 incolas
486 2221 586 2266 nouos
615 2203 647 2264 et
669 2200 944 2265 deuotissimarum
966 2197 1101 2262 hiberna

129 2284 313 2367 legionum,
340 2305 475 2366 quarum
497 2284 619 2348 inuicta
639 2284 757 2348 robora
778 2283 877 2370 nain
897 2283 949 2346 his
972 2281 1101 2366 quidem

129 2389 213 2452 quae
234 2389 322 2433 nuuc
345 2389 417 2432 cum
439 2370 576 2432 maxime
599 2371 716 2452 gerunt
737 2368 831 2432 bellis
853 2367 1035 2451 requirunt,
1064 2367 1139 2428 uta

130 2452 307 2516 commodis
328 2453 447 2516 nostris
467 2452 575 2517 studio
598 2452 721 2538 gratiae
736 2451 904 2600 hospitalis
926 2451 1102 2534 operentur

130 2540 164 2602 et
186 2536 305 2601 resides
328 2557 428 2620 aquas
450 2540 483 2601 et
504 2558 605 2601 nouos
628 2558 738 2602 amnes
760 2557 799 2600 ue
813 2536 861 2600 uti
883 2534 982 2600 aridis
998 2534 1101 2599 fessae

129 2621 219 2685 urbis
244 2621 420 2686 uisceribus
442 2621 625 2686 infiindant.

199 2912 447 2977 equilemense
470 2908 481 2976 1
510 2910 733 2973 tceesarquec
763 2906 773 2972 11
801 2908 866 2958 ‘lin
884 2922 935 2958 nos
953 2919 991 2955 w:
1016 2919 1104 2956 annos

129 2979 158 3026 Π
184 2975 189 3043 Ι
217 2994 325 3044 quoque
343 2992 381 3028 w:
406 2993 459 3043 quo
475 2980 504 3027 Π
536 2976 546 3043 11
578 2979 642 3028 Sin
660 2978 765 3027 addidi:
789 2992 835 3026 om.
854 2977 881 3022 Μ
906 2973 911 3039 1
939 2973 1104 3023 instauratio

130 3045 280 3096 referenda
299 3051 342 3097 eat
361 3045 533 3096 Marklaadue
550 3047 586 3096 ad
603 3043 671 3093 Stat.
689 3045 746 3093 sila.
766 3043 815 3092 IV
830 3045 854 3104 6,
873 3046 907 3092 65
924 3039 934 3107 11
955 3043 970 3092 9
990 3040 1105 3091 Romani

130 3128 203 3163 nom.
222 3139 257 3150 -
276 3115 307 3162 12
326 3114 459 3180 principis
477 3130 525 3165 om.
545 3113 567 3160 V
583 3109 594 3177 1
618 3112 649 3161 11
667 3109 846 3176 Bagaudicae
864 3109 971 3174 Lipsius
990 3113 1015 3158 et
1033 3109 1105 3158 1ιίνί-

130 3181 216 3230 aelus:
236 3181 383 3262 bannim
401 3181 428 3229 H
448 3178 458 3245 11
480 3182 511 3230 12
530 3180 739 3261 irritonrogcrat
755 3178 851 3242 ratpot
867 3179 884 3230 l.
904 3179 921 3226 l.
938 3193 966 3242 p.
985 3177 1050 3225 216.-
1068 3176 1104 3224 ir·

130 3251 244 3380 {lilii
260 3245 959 3377 trdtffitdttlttintretffllt
975 3242 1104 3377 bibit?

129 3381 305 3433 aurern:
323 3384 447 3449 prouinc.
466 3383 522 3434 ord.
540 3384 561 3433 B
580 3383 636 3431 cv
660 3379 670 3446 11
694 3383 728 3432 24
744 3381 774 3430 in
791 3397 838 3434 om.
857 3381 931 3431 Bert.
956 3376 966 3445 11
990 3380 1024 3430 25
1042 3394 1105 3428 cum

129 3449 181 3566 defl.
200 3463 230 3567 111
246 3447 257 3515 1
278 3448 446 3566 2'1Wresides]
462 3449 580 3502 reduces
599 3449 731 3500 Ιιίωἰπείιιε
748 3453 875 3500 recentes
895 3447 1023 3500 anclciur
1040 3443 1051 3511 1
1071 3447 1105 3497 28

129 3531 159 3564 re
174 3531 212 3566 un
236 3521 284 3566 ant
