<?xml version="1.0" encoding="UTF-8"?>
<!DOCTYPE html PUBLIC "-//W3C//DTD XHTML 1.0 Transitional//EN"
    "http://www.w3.org/TR/xhtml1/DTD/xhtml1-transitional.dtd">
<html xmlns="http://www.w3.org/1999/xhtml" xml:lang="en" lang="en">
 <head>
  <title>
</title>
<meta http-equiv="Content-Type" content="text/html;charset=utf-8" />
  <meta name='ocr-system' content='tesseract 3.04.00' />
  <meta name='ocr-capabilities' content='ocr_page ocr_carea ocr_par ocr_line ocrx_word'/>
</head>
<body>
  <div class='ocr_page' id='page_1' title='image "./xiipanegyricila02baehgoog_0127.png"; bbox 0 0 2582 3992; ppageno 0'>
   <div class='ocr_carea' id='block_1_1' title="bbox 332 205 1095 274">
    <p class='ocr_par' dir='ltr' id='par_1_1' title="bbox 332 205 1095 274">
     <span class='ocr_line' id='line_1_1' title="bbox 332 205 1095 274; baseline 0.024 -19"><span class='ocrx_word' id='word_1_1' title='bbox 332 205 543 258; x_wconf 77' lang='lat' dir='ltr'>uaxrusauo</span> <span class='ocrx_word' id='word_1_2' title='bbox 562 205 734 259; x_wconf 72' lang='lat' dir='ltr'>suous‘ro</span> <span class='ocrx_word' id='word_1_3' title='bbox 752 208 786 258; x_wconf 88' lang='lat' dir='ltr'>o.</span> <span class='ocrx_word' id='word_1_4' title='bbox 814 209 888 263; x_wconf 77' lang='lat' dir='ltr'>e-s,</span> <span class='ocrx_word' id='word_1_5' title='bbox 1053 208 1095 274; x_wconf 80' lang='lat'>95</span> 
     </span>
    </p>
   </div>
   <div class='ocr_carea' id='block_1_2' title="bbox 120 355 1134 2982">
    <p class='ocr_par' dir='ltr' id='par_1_2' title="bbox 121 355 1134 2119">
     <span class='ocr_line' id='line_1_2' title="bbox 124 355 1097 444; baseline 0.004 -24"><span class='ocrx_word' id='word_1_6' title='bbox 124 356 301 420; x_wconf 85' lang='lat' dir='ltr'>terminum</span> <span class='ocrx_word' id='word_1_7' title='bbox 335 355 398 420; x_wconf 90' lang='lat' dir='ltr'>nisi</span> <span class='ocrx_word' id='word_1_8' title='bbox 431 357 486 440; x_wconf 89' lang='lat' dir='ltr'>qui</span> <span class='ocrx_word' id='word_1_9' title='bbox 516 359 645 422; x_wconf 88' lang='lat' dir='ltr'>tuorum</span> <span class='ocrx_word' id='word_1_10' title='bbox 683 358 767 420; x_wconf 89' lang='lat' dir='ltr'>esset</span> <span class='ocrx_word' id='word_1_11' title='bbox 799 377 967 422; x_wconf 87' lang='lat' dir='ltr'>armorum.</span> <span class='ocrx_word' id='word_1_12' title='bbox 1009 360 1097 444; x_wconf 88' lang='lat' dir='ltr'>atqui</span> 
     </span>
     <span class='ocr_line' id='line_1_3' title="bbox 124 439 1096 525; baseline 0.003 -20"><span class='ocrx_word' id='word_1_13' title='bbox 124 439 278 505; x_wconf 81' lang='lat' dir='ltr'><strong>Rhenum</strong></span> <span class='ocrx_word' id='word_1_14' title='bbox 311 442 406 505; x_wconf 87' lang='lat' dir='ltr'>antea</span> <span class='ocrx_word' id='word_1_15' title='bbox 440 440 609 506; x_wconf 90' lang='lat' dir='ltr'>uidebatur</span> <span class='ocrx_word' id='word_1_16' title='bbox 640 441 712 525; x_wconf 89' lang='lat' dir='ltr'>ipsa</span> <span class='ocrx_word' id='word_1_17' title='bbox 745 439 791 505; x_wconf 88' lang='lat' dir='ltr'>sic</span> <span class='ocrx_word' id='word_1_18' title='bbox 823 444 938 506; x_wconf 89' lang='lat' dir='ltr'>natura</span> <span class='ocrx_word' id='word_1_19' title='bbox 968 442 1096 508; x_wconf 82' lang='lat' dir='ltr'>duxisse</span> 
     </span>
     <span class='ocr_line' id='line_1_4' title="bbox 125 523 1096 610; baseline 0.004 -22"><span class='ocrx_word' id='word_1_20' title='bbox 125 528 162 589; x_wconf 90' lang='lat' dir='ltr'>ut</span> <span class='ocrx_word' id='word_1_21' title='bbox 194 546 231 590; x_wconf 89' lang='lat' dir='ltr'>eo</span> <span class='ocrx_word' id='word_1_22' title='bbox 264 523 367 590; x_wconf 88' lang='lat' dir='ltr'>limite</span> <span class='ocrx_word' id='word_1_23' title='bbox 399 523 567 590; x_wconf 81' lang='lat' dir='ltr'><strong>Romanae</strong></span> <span class='ocrx_word' id='word_1_24' title='bbox 605 525 790 610; x_wconf 83' lang='lat' dir='ltr'>prouinciae</span> <span class='ocrx_word' id='word_1_25' title='bbox 821 527 861 590; x_wconf 90' lang='lat' dir='ltr'>ab</span> <span class='ocrx_word' id='word_1_26' title='bbox 893 527 1096 593; x_wconf 87' lang='lat' dir='ltr'>immanitate</span> 
     </span>
     <span class='ocr_line' id='line_1_5' title="bbox 124 609 1095 709; baseline 0.003 -36"><span class='ocrx_word' id='word_1_27' title='bbox 124 609 291 674; x_wconf 77' lang='lat' dir='ltr'>barbariae</span> <span class='ocrx_word' id='word_1_28' title='bbox 314 609 564 675; x_wconf 86' lang='lat' dir='ltr'>uindicarentur.</span> <span class='ocrx_word' id='word_1_29' title='bbox 602 615 636 674; x_wconf 90' lang='lat' dir='ltr'>et</span> <span class='ocrx_word' id='word_1_30' title='bbox 664 610 734 694; x_wconf 88' lang='lat' dir='ltr'>quis</span> <span class='ocrx_word' id='word_1_31' title='bbox 762 632 914 709; x_wconf 91' lang='lat' dir='ltr'>umquam</span> <span class='ocrx_word' id='word_1_32' title='bbox 941 614 1016 676; x_wconf 89' lang='lat' dir='ltr'>ante</span> <span class='ocrx_word' id='word_1_33' title='bbox 1038 634 1095 676; x_wconf 91' lang='lat' dir='ltr'>uos</span> 
     </span>
     <span class='ocr_line' id='line_1_6' title="bbox 124 693 1120 780; baseline -0.001 -21"><span class='ocrx_word' id='word_1_34' title='bbox 124 695 277 780; x_wconf 88' lang='lat' dir='ltr'>princeps</span> <span class='ocrx_word' id='word_1_35' title='bbox 298 715 364 758; x_wconf 89' lang='lat' dir='ltr'>non</span> <span class='ocrx_word' id='word_1_36' title='bbox 388 695 569 780; x_wconf 75' lang='lat' dir='ltr'>gratulatus</span> <span class='ocrx_word' id='word_1_37' title='bbox 593 698 643 760; x_wconf 90' lang='lat' dir='ltr'>est</span> <span class='ocrx_word' id='word_1_38' title='bbox 678 693 799 760; x_wconf 85' lang='lat' dir='ltr'>Gallias</span> <span class='ocrx_word' id='word_1_39' title='bbox 826 695 883 761; x_wconf 87' lang='lat' dir='ltr'>rllo</span> <span class='ocrx_word' id='word_1_40' title='bbox 911 717 1005 761; x_wconf 86' lang='lat' dir='ltr'>amne</span> <span class='ocrx_word' id='word_1_41' title='bbox 1027 718 1120 761; x_wconf 77' lang='lat' dir='ltr'>mus</span> 
     </span>
     <span class='ocr_line' id='line_1_7' title="bbox 124 779 1096 864; baseline 0.002 -20"><span class='ocrx_word' id='word_1_42' title='bbox 124 779 214 844; x_wconf 84' lang='lat' dir='ltr'>niri‘?</span> <span class='ocrx_word' id='word_1_43' title='bbox 244 779 373 864; x_wconf 88' lang='lat' dir='ltr'>quando</span> <span class='ocrx_word' id='word_1_44' title='bbox 395 801 462 845; x_wconf 93' lang='lat' dir='ltr'>non</span> <span class='ocrx_word' id='word_1_45' title='bbox 491 802 563 846; x_wconf 88' lang='lat' dir='ltr'>eum</span> <span class='ocrx_word' id='word_1_46' title='bbox 592 800 717 845; x_wconf 90' lang='lat' dir='ltr'>summo</span> <span class='ocrx_word' id='word_1_47' title='bbox 744 782 832 845; x_wconf 88' lang='lat' dir='ltr'>metu</span> <span class='ocrx_word' id='word_1_48' title='bbox 854 783 966 845; x_wconf 89' lang='lat' dir='ltr'>nostro</span> <span class='ocrx_word' id='word_1_49' title='bbox 988 780 1096 846; x_wconf 88' lang='lat' dir='ltr'>Rheni</span> 
     </span>
     <span class='ocr_line' id='line_1_8' title="bbox 124 864 1096 950; baseline 0.003 -21"><span class='ocrx_word' id='word_1_50' title='bbox 124 865 251 930; x_wconf 84' lang='lat' dir='ltr'>alueum</span> <span class='ocrx_word' id='word_1_51' title='bbox 279 864 397 929; x_wconf 87' lang='lat' dir='ltr'>minuit</span> <span class='ocrx_word' id='word_1_52' title='bbox 425 864 478 929; x_wconf 91' lang='lat' dir='ltr'>diu</span> <span class='ocrx_word' id='word_1_53' title='bbox 506 885 619 930; x_wconf 86' lang='lat' dir='ltr'>serena</span> <span class='ocrx_word' id='word_1_54' title='bbox 645 868 842 949; x_wconf 73' lang='lat' dir='ltr'>tempestas?</span> <span class='ocrx_word' id='word_1_55' title='bbox 876 864 1002 950; x_wconf 84' lang='lat' dir='ltr'>quando</span> <span class='ocrx_word' id='word_1_56' title='bbox 1029 885 1096 932; x_wconf 90' lang='lat' dir='ltr'>non</span> 
     </span>
     <span class='ocr_line' id='line_1_9' title="bbox 126 948 1094 1035; baseline 0 -21"><span class='ocrx_word' id='word_1_57' title='bbox 126 971 198 1015; x_wconf 91' lang='lat' dir='ltr'>cum</span> <span class='ocrx_word' id='word_1_58' title='bbox 215 949 387 1014; x_wconf 82' lang='lat' dir='ltr'>securitate</span> <span class='ocrx_word' id='word_1_59' title='bbox 402 953 513 1015; x_wconf 86' lang='lat' dir='ltr'>nostra</span> <span class='ocrx_word' id='word_1_60' title='bbox 533 949 619 1014; x_wconf 92' lang='lat' dir='ltr'>illius</span> <span class='ocrx_word' id='word_1_61' title='bbox 635 948 756 1015; x_wconf 84' lang='lat' dir='ltr'>diluuio</span> <span class='ocrx_word' id='word_1_62' title='bbox 772 949 969 1015; x_wconf 82' lang='lat' dir='ltr'>creuerunt?</span> <span class='ocrx_word' id='word_1_63' title='bbox 991 950 1094 1035; x_wconf 84' lang='lat' dir='ltr'>credo,</span> 
     </span>
     <span class='ocr_line' id='line_1_10' title="bbox 124 1033 1095 1119; baseline 0.002 -21"><span class='ocrx_word' id='word_1_64' title='bbox 124 1034 237 1099; x_wconf 90' lang='lat' dir='ltr'>itidem</span> <span class='ocrx_word' id='word_1_65' title='bbox 258 1034 400 1119; x_wconf 88' lang='lat' dir='ltr'>opimam</span> <span class='ocrx_word' id='word_1_66' title='bbox 423 1034 511 1100; x_wconf 91' lang='lat' dir='ltr'>illam</span> <span class='ocrx_word' id='word_1_67' title='bbox 539 1034 743 1119; x_wconf 85' lang='lat' dir='ltr'>fertilemque</span> <span class='ocrx_word' id='word_1_68' title='bbox 766 1033 890 1118; x_wconf 80' lang='lat' dir='ltr'>Syriam</span> <span class='ocrx_word' id='word_1_69' title='bbox 919 1035 1009 1100; x_wconf 89' lang='lat' dir='ltr'>uelut</span> <span class='ocrx_word' id='word_1_70' title='bbox 1030 1055 1095 1100; x_wconf 90' lang='lat' dir='ltr'>am·</span> 
     </span>
     <span class='ocr_line' id='line_1_11' title="bbox 124 1119 1134 1206; baseline -0.003 -22"><span class='ocrx_word' id='word_1_71' title='bbox 124 1120 222 1205; x_wconf 89' lang='lat' dir='ltr'>plexu</span> <span class='ocrx_word' id='word_1_72' title='bbox 248 1141 307 1184; x_wconf 90' lang='lat' dir='ltr'>suo</span> <span class='ocrx_word' id='word_1_73' title='bbox 334 1119 467 1204; x_wconf 85' lang='lat' dir='ltr'>tegebat</span> <span class='ocrx_word' id='word_1_74' title='bbox 494 1119 659 1203; x_wconf 84' lang='lat' dir='ltr'>Eufrates,</span> <span class='ocrx_word' id='word_1_75' title='bbox 694 1125 863 1206; x_wconf 85' lang='lat' dir='ltr'>antequam</span> <span class='ocrx_word' id='word_1_76' title='bbox 891 1119 1093 1186; x_wconf 86' lang='lat' dir='ltr'>Diocletiano</span> <span class='ocrx_word' id='word_1_77' title='bbox 1108 1143 1134 1182; x_wconf 83' lang='lat'>10</span> 
     </span>
     <span class='ocr_line' id='line_1_12' title="bbox 123 1203 1094 1290; baseline 0 -20"><span class='ocrx_word' id='word_1_78' title='bbox 123 1207 240 1290; x_wconf 85' lang='lat' dir='ltr'>sponte</span> <span class='ocrx_word' id='word_1_79' title='bbox 255 1225 289 1270; x_wconf 88' lang='lat' dir='ltr'>se</span> <span class='ocrx_word' id='word_1_80' title='bbox 309 1204 463 1269; x_wconf 89' lang='lat' dir='ltr'>dederent</span> <span class='ocrx_word' id='word_1_81' title='bbox 480 1225 582 1290; x_wconf 83' lang='lat' dir='ltr'>regna</span> <span class='ocrx_word' id='word_1_82' title='bbox 597 1205 790 1270; x_wconf 85' lang='lat' dir='ltr'>Persarum·</span> <span class='ocrx_word' id='word_1_83' title='bbox 804 1227 915 1270; x_wconf 90' lang='lat' dir='ltr'>uerum</span> <span class='ocrx_word' id='word_1_84' title='bbox 930 1203 993 1269; x_wconf 92' lang='lat' dir='ltr'>hoc</span> <span class='ocrx_word' id='word_1_85' title='bbox 1008 1205 1094 1270; x_wconf 90' lang='lat' dir='ltr'>Iouis</span> 
     </span>
     <span class='ocr_line' id='line_1_13' title="bbox 124 1288 1093 1375; baseline 0 -21"><span class='ocrx_word' id='word_1_86' title='bbox 124 1289 174 1354; x_wconf 89' lang='lat' dir='ltr'>sui</span> <span class='ocrx_word' id='word_1_87' title='bbox 189 1309 278 1354; x_wconf 90' lang='lat' dir='ltr'>more</span> <span class='ocrx_word' id='word_1_88' title='bbox 291 1291 374 1354; x_wconf 91' lang='lat' dir='ltr'>nutu</span> <span class='ocrx_word' id='word_1_89' title='bbox 396 1288 451 1354; x_wconf 91' lang='lat' dir='ltr'>illo</span> <span class='ocrx_word' id='word_1_90' title='bbox 473 1289 589 1373; x_wconf 86' lang='lat' dir='ltr'>patrio,</span> <span class='ocrx_word' id='word_1_91' title='bbox 612 1311 675 1375; x_wconf 90' lang='lat' dir='ltr'>quo</span> <span class='ocrx_word' id='word_1_92' title='bbox 695 1290 804 1354; x_wconf 87' lang='lat' dir='ltr'>omnia</span> <span class='ocrx_word' id='word_1_93' title='bbox 825 1293 1093 1374; x_wconf 82' lang='lat' dir='ltr'>contremescunt,</span> 
     </span>
     <span class='ocr_line' id='line_1_14' title="bbox 124 1370 1093 1458; baseline 0 -20"><span class='ocrx_word' id='word_1_94' title='bbox 124 1378 157 1438; x_wconf 88' lang='lat' dir='ltr'>et</span> <span class='ocrx_word' id='word_1_95' title='bbox 170 1370 341 1440; x_wconf 80' lang='lat' dir='ltr'>maiestate</span> <span class='ocrx_word' id='word_1_96' title='bbox 354 1375 455 1438; x_wconf 86' lang='lat' dir='ltr'>uestri</span> <span class='ocrx_word' id='word_1_97' title='bbox 469 1374 607 1439; x_wconf 90' lang='lat' dir='ltr'>nominis</span> <span class='ocrx_word' id='word_1_98' title='bbox 630 1377 820 1439; x_wconf 90' lang='lat' dir='ltr'>consecutus</span> <span class='ocrx_word' id='word_1_99' title='bbox 835 1378 900 1439; x_wconf 88' lang='lat' dir='ltr'>est:</span> <span class='ocrx_word' id='word_1_100' title='bbox 926 1377 962 1439; x_wconf 89' lang='lat' dir='ltr'>tu</span> <span class='ocrx_word' id='word_1_101' title='bbox 978 1377 1093 1458; x_wconf 90' lang='lat' dir='ltr'>sutem,</span> 
     </span>
     <span class='ocr_line' id='line_1_15' title="bbox 123 1458 1133 1608; baseline -0.001 -84"><span class='ocrx_word' id='word_1_102' title='bbox 123 1460 299 1608; x_wconf 54' lang='lat' dir='ltr'>impertqtor</span> <span class='ocrx_word' id='word_1_103' title='bbox 325 1459 464 1608; x_wconf 68' lang='lat' dir='ltr'>inuicltiei,</span> <span class='ocrx_word' id='word_1_104' title='bbox 506 1459 602 1608; x_wconf 58' lang='lat' dir='ltr'>forpiq)</span> <span class='ocrx_word' id='word_1_105' title='bbox 619 1459 691 1606; x_wconf 72' lang='lat' dir='ltr'>illafs</span> <span class='ocrx_word' id='word_1_106' title='bbox 719 1458 954 1608; x_wconf 59' lang='lat' dir='ltr'>indomitasqup</span> <span class='ocrx_word' id='word_1_107' title='bbox 981 1462 1133 1608; x_wconf 64' lang='lat' dir='ltr'>gentpis5</span> 
     </span>
     <span class='ocr_line' id='line_1_16' title="bbox 123 1563 1119 1694; baseline 0 -1"><span class='ocrx_word' id='word_1_108' title='bbox 123 1563 417 1694; x_wconf 59' lang='lat' dir='ltr'>hldrcirleineinidiies</span> <span class='ocrx_word' id='word_1_109' title='bbox 444 1565 1119 1694; x_wconf 52' lang='lat' dir='ltr'>lsi&#39;oiiaefatuild&#39;esetrriiiitgdltiqliiieemdlcutigre1</span> 
     </span>
     <span class='ocr_line' id='line_1_17' title="bbox 123 1651 1094 1809; baseline -0.001 -30"><span class='ocrx_word' id='word_1_110' title='bbox 123 1713 208 1798; x_wconf 89' lang='lat' dir='ltr'>quod</span> <span class='ocrx_word' id='word_1_111' title='bbox 231 1651 384 1806; x_wconf 65' lang='lat' dir='ltr'>uindicat.</span> <span class='ocrx_word' id='word_1_112' title='bbox 422 1713 536 1778; x_wconf 85' lang='lat' dir='ltr'>exinde</span> <span class='ocrx_word' id='word_1_113' title='bbox 558 1713 658 1798; x_wconf 80' lang='lat' dir='ltr'>igitur</span> <span class='ocrx_word' id='word_1_114' title='bbox 680 1711 783 1778; x_wconf 87' lang='lat' dir='ltr'>soluto</span> <span class='ocrx_word' id='word_1_115' title='bbox 806 1713 913 1809; x_wconf 78' lang='lat' dir='ltr'>animo</span> <span class='ocrx_word' id='word_1_116' title='bbox 935 1734 972 1777; x_wconf 87' lang='lat' dir='ltr'>ac</span> <span class='ocrx_word' id='word_1_117' title='bbox 994 1712 1094 1778; x_wconf 88' lang='lat' dir='ltr'>libero</span> 
     </span>
     <span class='ocr_line' id='line_1_18' title="bbox 123 1796 1094 1881; baseline -0.002 -18"><span class='ocrx_word' id='word_1_118' title='bbox 123 1819 244 1864; x_wconf 87' lang='lat' dir='ltr'>sumus.</span> <span class='ocrx_word' id='word_1_119' title='bbox 283 1797 360 1864; x_wconf 89' lang='lat' dir='ltr'>licet</span> <span class='ocrx_word' id='word_1_120' title='bbox 394 1797 527 1864; x_wconf 88' lang='lat' dir='ltr'>Rhenus</span> <span class='ocrx_word' id='word_1_121' title='bbox 565 1799 691 1862; x_wconf 85' lang='lat' dir='ltr'>arescat</span> <span class='ocrx_word' id='word_1_122' title='bbox 725 1800 876 1881; x_wconf 85' lang='lat' dir='ltr'>tenmquc</span> <span class='ocrx_word' id='word_1_123' title='bbox 914 1796 1006 1881; x_wconf 89' lang='lat' dir='ltr'>lapsu</span> <span class='ocrx_word' id='word_1_124' title='bbox 1039 1798 1094 1861; x_wconf 86' lang='lat' dir='ltr'>uix</span> 
     </span>
     <span class='ocr_line' id='line_1_19' title="bbox 123 1881 1094 1968; baseline 0 -22"><span class='ocrx_word' id='word_1_125' title='bbox 123 1883 212 1948; x_wconf 88' lang='lat' dir='ltr'>leues</span> <span class='ocrx_word' id='word_1_126' title='bbox 242 1883 382 1948; x_wconf 86' lang='lat' dir='ltr'>calculos</span> <span class='ocrx_word' id='word_1_127' title='bbox 409 1904 483 1968; x_wconf 89' lang='lat' dir='ltr'>pers</span> <span class='ocrx_word' id='word_1_128' title='bbox 506 1883 579 1948; x_wconf 88' lang='lat' dir='ltr'>icuo</span> <span class='ocrx_word' id='word_1_129' title='bbox 614 1882 697 1946; x_wconf 86' lang='lat' dir='ltr'>uado</span> <span class='ocrx_word' id='word_1_130' title='bbox 729 1881 846 1965; x_wconf 88' lang='lat' dir='ltr'>pellat,</span> <span class='ocrx_word' id='word_1_131' title='bbox 882 1881 990 1946; x_wconf 87' lang='lat' dir='ltr'>nullus</span> <span class='ocrx_word' id='word_1_132' title='bbox 1019 1881 1094 1946; x_wconf 90' lang='lat' dir='ltr'>inde</span> 
     </span>
     <span class='ocr_line' id='line_1_20' title="bbox 122 1905 1132 2117; baseline -0.006 -84"><span class='ocrx_word' id='word_1_133' title='bbox 122 1972 228 2033; x_wconf 88' lang='lat' dir='ltr'>metus</span> <span class='ocrx_word' id='word_1_134' title='bbox 251 1970 314 2117; x_wconf 57' lang='lat' dir='ltr'>etat:</span> <span class='ocrx_word' id='word_1_135' title='bbox 344 1905 505 2053; x_wconf 73' lang='lat' dir='ltr'>quicquidJ</span> <span class='ocrx_word' id='word_1_136' title='bbox 516 1968 599 2033; x_wconf 88' lang='lat' dir='ltr'>ultra</span> <span class='ocrx_word' id='word_1_137' title='bbox 618 1967 767 2032; x_wconf 83' lang='lat' dir='ltr'>Rhenum</span> <span class='ocrx_word' id='word_1_138' title='bbox 788 1966 958 2052; x_wconf 85' lang='lat' dir='ltr'>prospicio,</span> <span class='ocrx_word' id='word_1_139' title='bbox 978 1963 1093 2031; x_wconf 88' lang='lat' dir='ltr'>Roma·</span> <span class='ocrx_word' id='word_1_140' title='bbox 1107 1985 1132 2026; x_wconf 85' lang='lat' dir='ltr'>so</span> 
     </span>
     <span class='ocr_line' id='line_1_21' title="bbox 121 2074 283 2119; baseline 0.006 -1"><span class='ocrx_word' id='word_1_141' title='bbox 121 2075 202 2118; x_wconf 93' lang='lat' dir='ltr'>num</span> <span class='ocrx_word' id='word_1_142' title='bbox 225 2074 283 2119; x_wconf 89' lang='lat' dir='ltr'>es.</span> 
     </span>
    </p>

    <p class='ocr_par' dir='ltr' id='par_1_3' title="bbox 120 2135 1134 2982">
     <span class='ocr_line' id='line_1_22' title="bbox 180 2135 1094 2222; baseline -0.004 -18"><span class='ocrx_word' id='word_1_143' title='bbox 180 2137 272 2204; x_wconf 83' lang='lat' dir='ltr'>VIII.</span> <span class='ocrx_word' id='word_1_144' title='bbox 301 2137 354 2203; x_wconf 81' lang='lat' dir='ltr'>sie</span> <span class='ocrx_word' id='word_1_145' title='bbox 382 2136 438 2202; x_wconf 89' lang='lat' dir='ltr'>illa</span> <span class='ocrx_word' id='word_1_146' title='bbox 466 2137 626 2222; x_wconf 90' lang='lat' dir='ltr'>quondam</span> <span class='ocrx_word' id='word_1_147' title='bbox 654 2136 820 2202; x_wconf 86' lang='lat' dir='ltr'>Romanae</span> <span class='ocrx_word' id='word_1_148' title='bbox 847 2135 1012 2220; x_wconf 90' lang='lat' dir='ltr'>potentiae</span> <span class='ocrx_word' id='word_1_149' title='bbox 1040 2135 1094 2200; x_wconf 91' lang='lat' dir='ltr'>diu</span> 
     </span>
     <span class='ocr_line' id='line_1_23' title="bbox 123 2220 1094 2306; baseline -0.002 -19"><span class='ocrx_word' id='word_1_150' title='bbox 123 2223 250 2288; x_wconf 88' lang='lat' dir='ltr'>aemula</span> <span class='ocrx_word' id='word_1_151' title='bbox 266 2220 311 2287; x_wconf 89' lang='lat' dir='ltr'>&#39;et</span> <span class='ocrx_word' id='word_1_152' title='bbox 342 2222 473 2286; x_wconf 88' lang='lat' dir='ltr'>inimica</span> <span class='ocrx_word' id='word_1_153' title='bbox 500 2221 662 2306; x_wconf 77' lang='lat' dir='ltr'>Carthago</span> <span class='ocrx_word' id='word_1_154' title='bbox 685 2243 704 2284; x_wconf 94' lang='lat' dir='ltr'>a</span> <span class='ocrx_word' id='word_1_155' title='bbox 725 2221 762 2288; x_wconf 91' lang='lat' dir='ltr'>P.</span> <span class='ocrx_word' id='word_1_156' title='bbox 791 2220 940 2306; x_wconf 79' lang='lat' dir='ltr'>Scipione</span> <span class='ocrx_word' id='word_1_157' title='bbox 968 2221 1094 2286; x_wconf 87' lang='lat' dir='ltr'>deuicta</span> 
     </span>
     <span class='ocr_line' id='line_1_24' title="bbox 120 2304 1093 2392; baseline -0.002 -20"><span class='ocrx_word' id='word_1_158' title='bbox 120 2312 183 2392; x_wconf 89' lang='lat' dir='ltr'>est,</span> <span class='ocrx_word' id='word_1_159' title='bbox 208 2328 280 2373; x_wconf 90' lang='lat' dir='ltr'>cum</span> <span class='ocrx_word' id='word_1_160' title='bbox 300 2307 327 2371; x_wconf 88' lang='lat' dir='ltr'>is</span> <span class='ocrx_word' id='word_1_161' title='bbox 347 2307 483 2371; x_wconf 87' lang='lat' dir='ltr'>traiecto</span> <span class='ocrx_word' id='word_1_162' title='bbox 503 2307 539 2371; x_wconf 89' lang='lat' dir='ltr'>in</span> <span class='ocrx_word' id='word_1_163' title='bbox 553 2305 699 2370; x_wconf 86' lang='lat' dir='ltr'>Africam</span> <span class='ocrx_word' id='word_1_164' title='bbox 719 2306 860 2370; x_wconf 83' lang='lat' dir='ltr'>exercitu</span> <span class='ocrx_word' id='word_1_165' title='bbox 874 2304 1093 2371; x_wconf 87' lang='lat' dir='ltr'>Hannibalem</span> 
     </span>
     <span class='ocr_line' id='line_1_25' title="bbox 123 2390 1131 2473; baseline -0.008 -17"><span class='ocrx_word' id='word_1_166' title='bbox 123 2393 165 2456; x_wconf 88' lang='lat' dir='ltr'>ab</span> <span class='ocrx_word' id='word_1_167' title='bbox 192 2392 305 2457; x_wconf 86' lang='lat' dir='ltr'>Italiae</span> <span class='ocrx_word' id='word_1_168' title='bbox 333 2392 515 2457; x_wconf 86' lang='lat' dir='ltr'>uastationc</span> <span class='ocrx_word' id='word_1_169' title='bbox 542 2390 716 2456; x_wconf 87' lang='lat' dir='ltr'>reuocauit.</span> <span class='ocrx_word' id='word_1_170' title='bbox 753 2390 899 2455; x_wconf 87' lang='lat' dir='ltr'>audieras</span> <span class='ocrx_word' id='word_1_171' title='bbox 927 2390 1005 2473; x_wconf 89' lang='lat' dir='ltr'>hoc,</span> <span class='ocrx_word' id='word_1_172' title='bbox 1032 2390 1091 2453; x_wconf 90' lang='lat' dir='ltr'>im·</span> <span class='ocrx_word' id='word_1_173' title='bbox 1106 2405 1131 2448; x_wconf 80' lang='lat' dir='ltr'>aa</span> 
     </span>
     <span class='ocr_line' id='line_1_26' title="bbox 120 2475 1092 2562; baseline -0.003 -20"><span class='ocrx_word' id='word_1_174' title='bbox 120 2476 276 2562; x_wconf 83' lang='lat' dir='ltr'>perator?</span> <span class='ocrx_word' id='word_1_175' title='bbox 303 2498 346 2541; x_wconf 92' lang='lat' dir='ltr'>an</span> <span class='ocrx_word' id='word_1_176' title='bbox 373 2477 441 2562; x_wconf 88' lang='lat' dir='ltr'>ipse</span> <span class='ocrx_word' id='word_1_177' title='bbox 492 2497 526 2540; x_wconf 91' lang='lat' dir='ltr'>er</span> <span class='ocrx_word' id='word_1_178' title='bbox 554 2479 587 2540; x_wconf 91' lang='lat' dir='ltr'>te</span> <span class='ocrx_word' id='word_1_179' title='bbox 616 2475 726 2540; x_wconf 88' lang='lat' dir='ltr'>diuina</span> <span class='ocrx_word' id='word_1_180' title='bbox 752 2479 808 2540; x_wconf 87' lang='lat' dir='ltr'>tua</span> <span class='ocrx_word' id='word_1_181' title='bbox 835 2478 942 2539; x_wconf 88' lang='lat' dir='ltr'>mente</span> <span class='ocrx_word' id='word_1_182' title='bbox 963 2495 1092 2558; x_wconf 87' lang='lat' dir='ltr'>perspe-</span> 
     </span>
     <span class='ocr_line' id='line_1_27' title="bbox 121 2559 1094 2645; baseline -0.004 -19"><span class='ocrx_word' id='word_1_183' title='bbox 121 2583 218 2626; x_wconf 84' lang='lat' dir='ltr'>xeras</span> <span class='ocrx_word' id='word_1_184' title='bbox 248 2562 295 2626; x_wconf 84' lang='lat' dir='ltr'>ita</span> <span class='ocrx_word' id='word_1_185' title='bbox 321 2562 450 2627; x_wconf 90' lang='lat' dir='ltr'>demum</span> <span class='ocrx_word' id='word_1_186' title='bbox 501 2562 586 2626; x_wconf 87' lang='lat' dir='ltr'>ostes</span> <span class='ocrx_word' id='word_1_187' title='bbox 607 2561 753 2624; x_wconf 88' lang='lat' dir='ltr'>funditus</span> <span class='ocrx_word' id='word_1_188' title='bbox 774 2580 869 2645; x_wconf 88' lang='lat' dir='ltr'>posse</span> <span class='ocrx_word' id='word_1_189' title='bbox 891 2559 1043 2645; x_wconf 87' lang='lat' dir='ltr'>subuerti,</span> <span class='ocrx_word' id='word_1_190' title='bbox 1066 2560 1094 2624; x_wconf 91' lang='lat' dir='ltr'>si</span> 
     </span>
     <span class='ocr_line' id='line_1_28' title="bbox 121 2643 1094 2731; baseline -0.004 -19"><span class='ocrx_word' id='word_1_191' title='bbox 121 2648 157 2712; x_wconf 91' lang='lat' dir='ltr'>in</span> <span class='ocrx_word' id='word_1_192' title='bbox 186 2647 325 2731; x_wconf 91' lang='lat' dir='ltr'>propriis</span> <span class='ocrx_word' id='word_1_193' title='bbox 354 2646 480 2712; x_wconf 89' lang='lat' dir='ltr'>sedibus</span> <span class='ocrx_word' id='word_1_194' title='bbox 508 2645 714 2710; x_wconf 88' lang='lat' dir='ltr'>uincerentur</span> <span class='ocrx_word' id='word_1_195' title='bbox 740 2666 800 2710; x_wconf 90' lang='lat' dir='ltr'>nec</span> <span class='ocrx_word' id='word_1_196' title='bbox 828 2643 979 2730; x_wconf 88' lang='lat' dir='ltr'>praedam</span> <span class='ocrx_word' id='word_1_197' title='bbox 1000 2643 1094 2709; x_wconf 90' lang='lat' dir='ltr'>modo</span> 
     </span>
     <span class='ocr_line' id='line_1_29' title="bbox 121 2729 1134 2882; baseline -0.008 -2"><span class='ocrx_word' id='word_1_198' title='bbox 121 2752 220 2880; x_wconf 56' lang='lat' dir='ltr'>cru</span> <span class='ocrx_word' id='word_1_199' title='bbox 244 2731 637 2882; x_wconf 54' lang='lat' dir='ltr'>{ipistttidtiidinh</span> <span class='ocrx_word' id='word_1_200' title='bbox 661 2730 981 2880; x_wconf 54' lang='lat' dir='ltr'>{zitwar</span> <span class='ocrx_word' id='word_1_201' title='bbox 1001 2733 1038 2878; x_wconf 69' lang='lat' dir='ltr'>t</span> <span class='ocrx_word' id='word_1_202' title='bbox 1056 2729 1134 2877; x_wconf 59' lang='lat' dir='ltr'>t,</span> 
     </span>
     <span class='ocr_line' id='line_1_30' title="bbox 120 2836 1094 2982; baseline -0.003 -18"><span class='ocrx_word' id='word_1_203' title='bbox 120 2838 336 2966; x_wconf 49' lang='lat' dir='ltr'>maererenti)</span> <span class='ocrx_word' id='word_1_204' title='bbox 355 2902 414 2966; x_wconf 91' lang='lat' dir='ltr'>hoc</span> <span class='ocrx_word' id='word_1_205' title='bbox 436 2905 472 2965; x_wconf 90' lang='lat' dir='ltr'>tu</span> <span class='ocrx_word' id='word_1_206' title='bbox 495 2901 562 2964; x_wconf 87' lang='lat' dir='ltr'>siue</span> <span class='ocrx_word' id='word_1_207' title='bbox 593 2899 757 2982; x_wconf 86' lang='lat' dir='ltr'>cognitum</span> <span class='ocrx_word' id='word_1_208' title='bbox 779 2901 905 2963; x_wconf 88' lang='lat' dir='ltr'>secutus</span> <span class='ocrx_word' id='word_1_209' title='bbox 928 2917 961 2961; x_wconf 91' lang='lat' dir='ltr'>es</span> <span class='ocrx_word' id='word_1_210' title='bbox 983 2836 1094 2962; x_wconf 76' lang='lat' dir='ltr'>scupte</span> 
     </span>
    </p>
   </div>
   <div class='ocr_carea' id='block_1_3' title="bbox 121 3059 325 3068">
    <p class='ocr_par' dir='ltr' id='par_1_4' title="bbox 121 3059 325 3068">
     <span class='ocr_line' id='line_1_31' title="bbox 121 3059 325 3068; baseline -0.01 0"><span class='ocrx_word' id='word_1_211' title='bbox 121 3059 325 3068; x_wconf 39' lang='grc' dir='ltr'>...οη-φ...-</span> 
     </span>
    </p>
   </div>
   <div class='ocr_carea' id='block_1_4' title="bbox 120 3133 1095 3615">
    <p class='ocr_par' dir='ltr' id='par_1_5' title="bbox 120 3133 1095 3615">
     <span class='ocr_line' id='line_1_32' title="bbox 192 3133 1091 3203; baseline -0.006 -12"><span class='ocrx_word' id='word_1_212' title='bbox 192 3144 207 3191; x_wconf 95' lang='grc'><strong>1</strong></span> <span class='ocrx_word' id='word_1_213' title='bbox 227 3157 363 3193; x_wconf 85' lang='lat' dir='ltr'>armorum</span> <span class='ocrx_word' id='word_1_214' title='bbox 383 3155 420 3189; x_wconf 77' lang='lat' dir='ltr'>w:</span> <span class='ocrx_word' id='word_1_215' title='bbox 441 3141 566 3192; x_wconf 85' lang='lat' dir='ltr'>arborum</span> <span class='ocrx_word' id='word_1_216' title='bbox 578 3142 606 3188; x_wconf 73' lang='lat' dir='ltr'>n</span> <span class='ocrx_word' id='word_1_217' title='bbox 623 3137 632 3203; x_wconf 88' lang='grc' dir='ltr'>ΙΙ</span> <span class='ocrx_word' id='word_1_218' title='bbox 652 3137 803 3190; x_wconf 74' lang='lat' dir='ltr'>sordeatur</span> <span class='ocrx_word' id='word_1_219' title='bbox 819 3137 847 3185; x_wconf 74' lang='lat'>1</span> <span class='ocrx_word' id='word_1_220' title='bbox 871 3133 881 3200; x_wconf 90' lang='grc' dir='ltr'>ΙΙ</span> <span class='ocrx_word' id='word_1_221' title='bbox 902 3137 1023 3202; x_wconf 66' lang='lat' dir='ltr'>tesquis</span> <span class='ocrx_word' id='word_1_222' title='bbox 1043 3139 1060 3186; x_wconf 79' lang='lat' dir='ltr'>c</span> <span class='ocrx_word' id='word_1_223' title='bbox 1078 3135 1091 3202; x_wconf 71' lang='lat' dir='ltr'>tt</span> 
     </span>
     <span class='ocr_line' id='line_1_33' title="bbox 122 3203 1093 3276; baseline -0.007 -15"><span class='ocrx_word' id='word_1_224' title='bbox 122 3212 139 3261; x_wconf 83' lang='lat'><strong>5</strong></span> <span class='ocrx_word' id='word_1_225' title='bbox 164 3210 295 3276; x_wconf 84' lang='lat' dir='ltr'>princeps</span> <span class='ocrx_word' id='word_1_226' title='bbox 321 3212 432 3274; x_wconf 80' lang='lat' dir='ltr'>scripsi:</span> <span class='ocrx_word' id='word_1_227' title='bbox 462 3209 601 3274; x_wconf 87' lang='lat' dir='ltr'>principes</span> <span class='ocrx_word' id='word_1_228' title='bbox 626 3208 655 3255; x_wconf 73' lang='grc' dir='ltr'>Ι</span> <span class='ocrx_word' id='word_1_229' title='bbox 681 3205 684 3272; x_wconf 69' lang='lat' dir='ltr'>t</span> <span class='ocrx_word' id='word_1_230' title='bbox 708 3205 755 3256; x_wconf 92' lang='lat' dir='ltr'>illo</span> <span class='ocrx_word' id='word_1_231' title='bbox 778 3218 817 3252; x_wconf 80' lang='lat' dir='ltr'>w:</span> <span class='ocrx_word' id='word_1_232' title='bbox 845 3203 953 3255; x_wconf 89' lang='lat' dir='ltr'>illorum</span> <span class='ocrx_word' id='word_1_233' title='bbox 975 3207 1003 3253; x_wconf 73' lang='lat' dir='ltr'>n</span> <span class='ocrx_word' id='word_1_234' title='bbox 1034 3203 1044 3270; x_wconf 86' lang='grc' dir='ltr'>ΙΙ</span> <span class='ocrx_word' id='word_1_235' title='bbox 1077 3206 1093 3254; x_wconf 83' lang='grc'><strong>6</strong></span> 
     </span>
     <span class='ocr_line' id='line_1_34' title="bbox 120 3269 1093 3342; baseline -0.005 -15"><span class='ocrx_word' id='word_1_236' title='bbox 120 3277 214 3328; x_wconf 86' lang='lat' dir='ltr'>Rheni</span> <span class='ocrx_word' id='word_1_237' title='bbox 237 3277 349 3328; x_wconf 82' lang='lat' dir='ltr'>alueum</span> <span class='ocrx_word' id='word_1_238' title='bbox 372 3294 418 3328; x_wconf 79' lang='lat' dir='ltr'>ora.</span> <span class='ocrx_word' id='word_1_239' title='bbox 439 3276 471 3324; x_wconf 83' lang='lat' dir='ltr'>W</span> <span class='ocrx_word' id='word_1_240' title='bbox 501 3275 511 3342; x_wconf 79' lang='lat' dir='ltr'>i</span> <span class='ocrx_word' id='word_1_241' title='bbox 540 3279 555 3328; x_wconf 82' lang='lat'>9</span> <span class='ocrx_word' id='word_1_242' title='bbox 579 3271 653 3338; x_wconf 87' lang='lat' dir='ltr'>itid]</span> <span class='ocrx_word' id='word_1_243' title='bbox 683 3272 834 3324; x_wconf 84' lang='lat' dir='ltr'>identidem</span> <span class='ocrx_word' id='word_1_244' title='bbox 855 3269 928 3322; x_wconf 86' lang='lat' dir='ltr'>Bert.</span> <span class='ocrx_word' id='word_1_245' title='bbox 950 3271 953 3338; x_wconf 87' lang='grc' dir='ltr'>Ι</span> <span class='ocrx_word' id='word_1_246' title='bbox 975 3274 1093 3340; x_wconf 81' lang='lat' dir='ltr'>opimam</span> 
     </span>
     <span class='ocr_line' id='line_1_35' title="bbox 121 3338 1093 3410; baseline -0.007 -16"><span class='ocrx_word' id='word_1_247' title='bbox 121 3345 270 3396; x_wconf 80' lang='lat' dir='ltr'>Ls’uineius:</span> <span class='ocrx_word' id='word_1_248' title='bbox 294 3346 424 3409; x_wconf 85' lang='lat' dir='ltr'>optimam</span> <span class='ocrx_word' id='word_1_249' title='bbox 447 3345 475 3393; x_wconf 75' lang='lat'>1</span> <span class='ocrx_word' id='word_1_250' title='bbox 501 3343 511 3410; x_wconf 79' lang='grc' dir='ltr'>ΙΙ</span> <span class='ocrx_word' id='word_1_251' title='bbox 541 3345 572 3394; x_wconf 89' lang='grc'>14</span> <span class='ocrx_word' id='word_1_252' title='bbox 596 3345 720 3393; x_wconf 85' lang='lat' dir='ltr'>inuictus</span> <span class='ocrx_word' id='word_1_253' title='bbox 742 3342 760 3390; x_wconf 77' lang='lat'><strong>0</strong></span> <span class='ocrx_word' id='word_1_254' title='bbox 788 3339 798 3406; x_wconf 89' lang='grc' dir='ltr'>ΙΙ</span> <span class='ocrx_word' id='word_1_255' title='bbox 827 3342 860 3391; x_wconf 79' lang='grc'>15</span> <span class='ocrx_word' id='word_1_256' title='bbox 883 3340 1002 3405; x_wconf 82' lang='lat' dir='ltr'>igneque</span> <span class='ocrx_word' id='word_1_257' title='bbox 1024 3354 1060 3388; x_wconf 80' lang='lat' dir='ltr'>w:</span> <span class='ocrx_word' id='word_1_258' title='bbox 1084 3338 1093 3405; x_wconf 69' lang='lat' dir='ltr'>[t</span> 
     </span>
     <span class='ocr_line' id='line_1_36' title="bbox 122 3407 1095 3477; baseline -0.006 -15"><span class='ocrx_word' id='word_1_259' title='bbox 122 3415 155 3462; x_wconf 83' lang='lat'>16</span> <span class='ocrx_word' id='word_1_260' title='bbox 173 3412 277 3464; x_wconf 79' lang='lat' dir='ltr'>factum</span> <span class='ocrx_word' id='word_1_261' title='bbox 295 3414 323 3460; x_wconf 70' lang='grc' dir='ltr'>Π</span> <span class='ocrx_word' id='word_1_262' title='bbox 344 3412 347 3477; x_wconf 72' lang='lat' dir='ltr'>i</span> <span class='ocrx_word' id='word_1_263' title='bbox 368 3427 435 3463; x_wconf 86' lang='lat' dir='ltr'>suae</span> <span class='ocrx_word' id='word_1_264' title='bbox 457 3413 567 3476; x_wconf 80' lang='lat' dir='ltr'>scripsi:</span> <span class='ocrx_word' id='word_1_265' title='bbox 590 3416 655 3462; x_wconf 85' lang='lat' dir='ltr'>tuae</span> <span class='ocrx_word' id='word_1_266' title='bbox 672 3410 700 3458; x_wconf 75' lang='lat'>1</span> <span class='ocrx_word' id='word_1_267' title='bbox 724 3409 798 3459; x_wconf 83' lang='lat' dir='ltr'>Bert.</span> <span class='ocrx_word' id='word_1_268' title='bbox 828 3407 838 3474; x_wconf 70' lang='lat' dir='ltr'>fl</span> <span class='ocrx_word' id='word_1_269' title='bbox 868 3411 898 3458; x_wconf 79' lang='lat'>17</span> <span class='ocrx_word' id='word_1_270' title='bbox 922 3408 1049 3458; x_wconf 81' lang='lat' dir='ltr'>uindices</span> <span class='ocrx_word' id='word_1_271' title='bbox 1066 3409 1095 3456; x_wconf 77' lang='lat'>1</span> 
     </span>
     <span class='ocr_line' id='line_1_37' title="bbox 120 3475 1094 3546; baseline -0.007 -16"><span class='ocrx_word' id='word_1_272' title='bbox 120 3481 198 3532; x_wconf 72' lang='lat' dir='ltr'>Bere.</span> <span class='ocrx_word' id='word_1_273' title='bbox 218 3478 228 3546; x_wconf 81' lang='grc' dir='ltr'>ΙΙ</span> <span class='ocrx_word' id='word_1_274' title='bbox 245 3483 279 3531; x_wconf 78' lang='lat'>20</span> <span class='ocrx_word' id='word_1_275' title='bbox 291 3481 431 3546; x_wconf 87' lang='lat' dir='ltr'>perspicio</span> <span class='ocrx_word' id='word_1_276' title='bbox 441 3482 474 3528; x_wconf 84' lang='lat' dir='ltr'>W</span> <span class='ocrx_word' id='word_1_277' title='bbox 486 3476 496 3545; x_wconf 77' lang='grc' dir='ltr'>ΙΙ</span> <span class='ocrx_word' id='word_1_278' title='bbox 509 3481 542 3529; x_wconf 77' lang='lat'>24</span> <span class='ocrx_word' id='word_1_279' title='bbox 553 3481 577 3530; x_wconf 88' lang='lat' dir='ltr'>is</span> <span class='ocrx_word' id='word_1_280' title='bbox 589 3495 636 3530; x_wconf 89' lang='lat' dir='ltr'>om.</span> <span class='ocrx_word' id='word_1_281' title='bbox 647 3479 680 3528; x_wconf 81' lang='lat' dir='ltr'>W</span> <span class='ocrx_word' id='word_1_282' title='bbox 699 3477 704 3542; x_wconf 94' lang='grc' dir='ltr'>Ι</span> <span class='ocrx_word' id='word_1_283' title='bbox 724 3480 757 3527; x_wconf 76' lang='lat' dir='ltr'>2ss</span> <span class='ocrx_word' id='word_1_284' title='bbox 768 3478 829 3542; x_wconf 87' lang='lat' dir='ltr'>ipsa</span> <span class='ocrx_word' id='word_1_285' title='bbox 841 3475 868 3524; x_wconf 74' lang='lat' dir='ltr'>H</span> <span class='ocrx_word' id='word_1_286' title='bbox 888 3476 892 3540; x_wconf 86' lang='grc' dir='ltr'>Ι</span> <span class='ocrx_word' id='word_1_287' title='bbox 911 3489 1094 3541; x_wconf 79' lang='lat' dir='ltr'>perspexeras</span> 
     </span>
     <span class='ocr_line' id='line_1_38' title="bbox 120 3540 1093 3615; baseline -0.008 -18"><span class='ocrx_word' id='word_1_288' title='bbox 120 3549 145 3597; x_wconf 85' lang='grc' dir='ltr'><strong>Δ</strong></span> <span class='ocrx_word' id='word_1_289' title='bbox 156 3549 179 3598; x_wconf 77' lang='lat' dir='ltr'>v</span> <span class='ocrx_word' id='word_1_290' title='bbox 191 3551 226 3597; x_wconf 82' lang='lat' dir='ltr'>W</span> <span class='ocrx_word' id='word_1_291' title='bbox 236 3547 326 3604; x_wconf 59' lang='lat' dir='ltr'>Baras</span> <span class='ocrx_word' id='word_1_292' title='bbox 344 3561 527 3615; x_wconf 82' lang='lat' dir='ltr'>prospexeras</span> <span class='ocrx_word' id='word_1_293' title='bbox 538 3548 585 3597; x_wconf 81' lang='lat' dir='ltr'>Bc</span> <span class='ocrx_word' id='word_1_294' title='bbox 606 3545 616 3611; x_wconf 79' lang='lat' dir='ltr'>i</span> <span class='ocrx_word' id='word_1_295' title='bbox 637 3549 670 3596; x_wconf 77' lang='lat'>29</span> <span class='ocrx_word' id='word_1_296' title='bbox 684 3561 716 3597; x_wconf 86' lang='lat' dir='ltr'>ac</span> <span class='ocrx_word' id='word_1_297' title='bbox 729 3546 774 3596; x_wconf 84' lang='lat' dir='ltr'>lib.</span> <span class='ocrx_word' id='word_1_298' title='bbox 787 3548 805 3594; x_wconf 79' lang='lat' dir='ltr'><strong>c</strong></span> <span class='ocrx_word' id='word_1_299' title='bbox 820 3543 823 3608; x_wconf 85' lang='grc'>1</span> <span class='ocrx_word' id='word_1_300' title='bbox 837 3543 939 3595; x_wconf 86' lang='lat' dir='ltr'>liberos</span> <span class='ocrx_word' id='word_1_301' title='bbox 953 3543 1049 3593; x_wconf 70' lang='lat' dir='ltr'>suosh</span> <span class='ocrx_word' id='word_1_302' title='bbox 1061 3540 1093 3588; x_wconf 77' lang='lat' dir='ltr'>W</span> 
     </span>
    </p>
   </div>
   <div class='ocr_carea' id='block_1_5' title="bbox 0 0 1296 3992">
    <p class='ocr_par' dir='ltr' id='par_1_6' title="bbox 0 0 1296 3992">
     <span class='ocr_line' id='line_1_39' title="bbox 0 0 1296 3992; baseline 0 0"><span class='ocrx_word' id='word_1_303' title='bbox 0 0 1296 3992; x_wconf 95' lang='lat' dir='ltr'> </span> 
     </span>
    </p>
   </div>
  </div>
 </body>
</html>
