2578 4000
307 197 563 250 consulumue
582 198 753 252 aucusro
772 200 805 249 n.
827 202 933 252 10-13.
1044 196 1104 262 169

131 349 313 414 terribilem
336 348 507 433 aliquando
522 349 626 433 ripam
648 349 790 414 inermus
811 348 1018 434 agricola,et
1034 351 1103 414 toto

131 434 240 500 nostri
261 454 376 520 greges
395 433 516 498 bicorni
538 454 632 498 amne
653 436 843 498 mersantur.
866 432 947 508 haee
968 437 1018 498 est
1034 435 1103 518 tua,

132 518 366 599 Constantine,
394 517 434 583 de
455 519 600 584 Ascarici
621 517 814 604 Regaisique
840 518 997 603 supplicio
1022 520 1104 583 coti-

133 603 233 669 diana
262 606 357 688 atque
384 605 516 668 aeterna
542 603 678 669 uictoria
706 602 855 667 omnibus
877 603 1036 688 quondam
1059 625 1105 667 se-

135 688 250 754 cundis
279 688 410 774 proeliis
443 688 680 773 anteponenda.
731 687 829 752 semel
858 689 924 753 acie
953 688 1132 771 uincitur‚s

135 774 208 838 sine
238 773 303 837 fine
336 778 380 838 est
411 773 611 838 documento.
664 773 787 838 cladem
819 794 923 852 suam,
958 773 1105 856 quamuis

134 857 232 924 multi
253 861 404 942 pereant,
426 858 543 943 uulgus
564 859 714 944 ignorat:
739 857 962 941 compendium
985 860 1033 922 est
1055 857 1106 922 de·

135 942 370 1008 uincendorum
392 943 536 1008 hostium
558 943 654 1008 duces
676 941 853 1007 sustulisse.

202 1026 275 1092 XII.
320 1026 366 1093 Ut
386 1031 495 1092 tamen
517 1028 665 1094 omnibus
692 1027 794 1092 modis
817 1027 1026 1092 barbarorum
1048 1026 1106 1090 im·

135 1113 279 1177 manitas
299 1111 506 1198 frangeretur
532 1135 593 1177 nec
615 1112 683 1177 sole
704 1111 812 1177 hostes
839 1133 952 1197 regum
978 1129 1147 1175 suorum1o

136 1197 298 1281 supplicia
319 1201 508 1279 maererent,
534 1197 630 1262 etiam
651 1197 797 1260 immissa
817 1195 980 1261 Bructeris
1002 1199 1107 1260 uasta·

136 1282 231 1346 tione
251 1281 373 1365 fecisti,
395 1283 570 1368 imperator
591 1282 722 1346 inuicte.
765 1281 801 1344 in
822 1301 885 1365 quo
907 1280 1011 1364 prima
1034 1301 1107 1343 con·

137 1366 205 1431 silii
226 1367 275 1430 tui
296 1366 360 1431 fuit
380 1368 463 1431 ratio
486 1366 570 1450 quod
592 1366 733 1430 exercitu
754 1366 887 1450 repente
903 1365 1038 1428 traiecto
1059 1365 1107 1428 in·

138 1451 311 1536 opinantes
329 1450 460 1516 adortus
476 1472 520 1534 es,
542 1472 608 1516 non
624 1471 687 1534 quo
701 1454 812 1535 aperto
828 1448 932 1514 Marte
948 1448 1108 1513 diffideres

136 1541 176 1601 ut
219 1536 253 1599 ui
273 1535 381 1634 pelam
410 1535 565 1621 congredi
586 1535 766 1614 maluisses,
796 1535 851 1598 aed
873 1537 909 1598 ut
934 1533 991 1598 ille
1017 1535 1107 1598 natio
1122 1551 1148 1592 15

164 1557 299 1706 erdugirs
320 1621 473 1686 siluarum
496 1623 529 1684 et
542 1620 696 1705 paludum
710 1619 831 1684 bellum
853 1619 948 1684 solita
960 1617 1109 1684 frustrari

137 1643 240 1790 ingee
261 1708 388 1804 tempus
410 1706 581 1770 amitteret.
621 1705 707 1770 caesi
728 1704 827 1790 igitur
849 1703 1108 1785 innumerabiles,

141 1790 230 1874 eapti
257 1790 403 1874 plurrmi3
439 1789 590 1874 quicquid
624 1789 688 1853 fult
718 1788 859 1874 pecode,
895 1789 1023 1871 raptum
1054 1791 1110 1851 aut

140 1873 338 1940 trucidatum
360 1879 422 1960 est3
445 1875 509 1940 uici
528 1895 638 1939 omnes
660 1876 737 1958 igne
752 1874 951 1958 consumpti3
996 1872 1109 1936 uberes

140 1959 197 2044 qui
223 1960 258 2024 in
276 1981 399 2058 ‘manus
428 1957 599 2043 uenerunt,
633 1979 768 2056 quorum
797 1979 856 2022 nec
880 1956 961 2041 perti
983 1957 1015 2022 is
1042 1959 1149 2021 erutae

141 2047 219 2194 {lt
240 2043 974 2194 llllbttltlttrdltllslllll}
989 2044 1111 2212 litigii]

141 2217 231 2278 runt.
277 2212 340 2278 hoc
363 2217 426 2298 est,
455 2215 645 2298 imperator,
675 2213 794 2277 fretum
816 2233 885 2278 esse
913 2212 1031 2277 uirtute
1053 2232 1112 2276 sus

143 2301 241 2382 atque
262 2297 407 2384 fortuna,
438 2298 499 2363 hoc
521 2302 656 2362 estnon
678 2319 790 2382 pacem
812 2317 916 2362 emere
938 2296 1109 2380 parcendo,

143 2383 200 2448 sed
222 2382 393 2447 uictoriam
418 2403 569 2467 quaerere
590 2381 806 2467 prouocando.
1125 2395 1151 2436 2⁵

136 2503 140 2508 ·
208 2466 299 2532 XIII.
324 2466 461 2552 Insuper
483 2468 579 2532 etiam
594 2467 826 2552 Agrippinensi
848 2467 947 2549 ponte
960 2463 1112 2528 faciundo

143 2552 287 2636 reliquiis
310 2552 449 2618 afflictae
470 2553 578 2637 gentis
599 2553 751 2635 insultas,
773 2572 815 2615 ne
836 2571 986 2634 umquam
1007 2551 1113 2613 metus

143 2640 256 2720 ponat,
280 2655 406 2720 semper
420 2638 561 2722 horreat,
585 2657 711 2721 semper
732 2635 891 2784 supplices
913 2655 1026 2699 manus
1044 2635 1113 2698 ten·

145 2722 216 2802 dat,
246 2742 318 2786 curn
345 2729 456 2786 tamen
483 2721 545 2786 hoo
566 2724 602 2785 tu
627 2721 732 2804 magis
760 2743 779 2786 a
823 2720 959 2805 gloriam
986 2718 1113 2801 imperii

144 2806 194 2870 tui
221 2809 255 2870 ct
282 2810 432 2872 ornatum
459 2806 572 2870 limitis
598 2805 700 2869 facias
728 2825 823 2887 quam
851 2804 891 2867 ad
913 2803 1111 2885 facultatem,
1126 2819 1154 2858 eo

216 2997 230 3045 1
248 2997 361 3048 inermis
377 2996 398 3045 B
417 2997 434 3045 0
452 2997 474 3045 V
491 2995 524 3045 W
546 2993 556 3060 ΙΙ
580 2997 595 3045 2
614 2993 719 3044 bicorni
738 3007 817 3044 amne
834 2993 942 3056 scripsi:
960 2991 1115 3041 bicorne!

145 3063 258 3114 flumine
275 3065 384 3115 bicorni
401 3065 458 3115 edd.
481 3062 491 3129 ΙΙ
521 3067 536 3114 3
555 3062 587 3113 de
605 3062 729 3114 Ascarici
746 3061 913 3126 Regeisique
932 3060 1061 3124 Largius:
1080 3058 1113 3109 de

144 3133 257 3182 sssosri
275 3129 338 3198 (dea
357 3132 448 3182 secari
461 3133 495 3194 Δ)
514 3133 615 3182 cimero
635 3128 747 3194 (cunero
759 3130 792 3177 W
811 3129 900 3178 cinere
916 3123 1011 3190 ΒΗ)
1029 3126 1115 3192 gaiai-

147 3213 200 3264 que
210 3200 238 3248 1
255 3197 266 3265 ll
283 3203 298 3252 6
317 3203 331 3251 e
342 3201 446 3250 addidi:
464 3215 511 3250 cm.
524 3200 551 3248 Ι
564 3200 624 3250 sine
637 3197 691 3247 fine
702 3197 893 3248 documentum
906 3194 1116 3259 Eyssenhardtus

146 3264 155 3332 ll
173 3269 205 3317 11
223 3269 305 3318 malim
322 3268 445 3318 immisse
462 3268 544 3318 stiam
561 3264 700 3331 'bruteris
718 3266 740 3315 Α
761 3262 772 3331 ΙΙ
794 3267 826 3314 14
845 3278 875 3314 es
892 3276 928 3312 vr:
952 3266 995 3313 est
1011 3262 1038 3311 u
1054 3259 1065 3327 ΙΙ
1084 3264 1115 3313 16

144 3333 207 3402 ills]
228 3335 269 3386 ita
286 3332 332 3402 ΑΙΙ
350 3337 382 3387 16
399 3333 541 3401 paludium
558 3331 603 3400 ΔΙΙ
622 3336 654 3386 18
672 3333 757 3385 fuerit
775 3333 859 3382 ABG
875 3331 879 3396 Ι
894 3336 1004 3395 raptum
1022 3332 1119 3394 scripsi

145 3405 163 3457 1.
183 3406 202 3457 l.
219 3419 249 3472 p.
265 3405 332 3456 219:
350 3407 464 3471 captum
480 3403 507 3452 u
535 3399 547 3470 ss
576 3403 607 3452 21
626 3415 679 3454 nec
695 3402 718 3451 A
734 3400 780 3450 W:
800 3415 833 3450 ne
852 3400 872 3448 B
891 3400 949 3448 (lv
972 3396 977 3464 1
1000 3394 1113 3464 ferocia]

146 3469 265 3524 fortiora
282 3472 315 3519 W
332 3468 342 3537 fl
358 3473 392 3523 26
410 3469 577 3538 agripinensi
594 3470 661 3522 ΑΨ
679 3467 830 3536 agriplensi
846 3467 902 3518 BV
920 3466 1117 3533 agrippiensic

146 3535 156 3604 ll
173 3541 207 3592 27
225 3539 347 3606 reliquiis
365 3554 402 3589 w:
424 3541 539 3605 reliquis
556 3539 583 3587 1
599 3539 603 3606 Ι
618 3543 717 3590 metum
735 3551 761 3587 w
