2586 3996
215 230 278 295 278
497 207 500 211 ’
541 230 603 281 xu.
629 229 764 280 escum
782 229 865 279 esu.

215 382 349 445 nauerat
370 399 545 476 pumquam
566 378 773 474 indulgenter
794 377 921 475 habpit,
946 377 1005 476 sed
1027 381 1064 442 ut
1084 381 1187 444 seueri

215 461 1189 631 tltll,llllslttlltullffillh„thiatbald

216 632 413 716 temporibus
441 632 596 711 exercuit,
630 630 704 694 dum
733 633 823 715 aptat
849 630 991 714 imperio.
1036 633 1069 694 et
1096 633 1187 714 prius

191 717 344 801 squidem
377 736 473 799 quam
507 715 546 778 ad
574 715 631 778 illa
664 714 794 777 ueniam
827 735 907 799 quae
940 717 1011 778 aeui
1041 721 1186 780 maturus

218 802 321 899 egisti,
345 799 529 864 summatim
542 802 633 863 tuum
655 798 734 862 illud
756 799 916 882 attingam
939 803 1117 883 compatre
1139 801 1187 864 di·
1282 869 1283 874 γ

217 900 293 948 uino
318 887 481 949 castrense
503 883 683 969 collegium,
707 885 794 947 actas
816 883 875 946 sub
895 883 1033 966 pellibus
1054 883 1186 964 hiemes,

217 973 353 1034 aestates
368 970 453 1034 inter
467 969 553 1032 bella
568 967 707 1051 sudatas,
731 968 797 1030 dies
812 970 987 1051 noctesque
1001 968 1187 1051 proeliando

217 1056 273 1117 aut
290 1052 460 1151 uigilando
484 1055 699 1135 consumptas,
722 1051 931 1148 grauissimas
954 1074 1079 1150 pugnas
1100 1057 1188 1150 terra

180 1159 204 1197 ¹⁰
217 1139 551 1287 tslltlhlllt·
574 1136 1187 1305 al?plttltlttdltlbtttl

216 1307 325 1371 indole
340 1306 507 1370 Hannibal
528 1327 608 1389 puer
626 1306 765 1369 tentoria
780 1304 928 1388 Hispana
952 1307 1106 1370 successit
1126 1328 1188 1370 neo

216 1391 396 1455 futurarum
432 1412 488 1474 spe
522 1392 656 1454 certiore
688 1390 844 1452 uirtutum
876 1388 1046 1473 Philippeo
1083 1396 1188 1454 castra
1282 1419 1283 1432 ¹

217 1475 400 1540 Alexander
420 1473 564 1538 nondum
587 1473 725 1558 Magnus
747 1473 902 1557 impleuit.
931 1495 1011 1558 quos
1034 1475 1095 1538 etsi
1117 1476 1186 1558 plu·
1276 1544 1279 1567 Ι

179 1578 205 1619 15
217 1560 299 1624 rima
318 1558 413 1622 laude
428 1557 588 1621 dotauerit
609 1558 834 1640 amplificatrix
849 1559 917 1622 ueri
932 1561 1082 1643 uetustas,
1105 1559 1188 1623 nihil

217 1646 327 1707 tamen
354 1643 427 1725 plus
450 1641 595 1706 blandite
621 1641 783 1725 praestitit
809 1664 904 1726 quam
932 1646 970 1706 ut·
997 1664 1051 1708 eos
1078 1644 1113 1706 in
1137 1643 1190 1707 his

218 1729 312 1791 annis
340 1729 466 1790 secutos
493 1748 605 1810 regum
634 1729 691 1790 aut
711 1726 827 1791 ducum
854 1730 957 1792 castra
978 1729 1128 1811 uulgaret
1153 1729 1188 1792 in

218 1812 332 1894 quibus
355 1814 390 1873 tu
412 1811 459 1875 ita
480 1811 607 1874 fortiter
634 1811 735 1875 multa
756 1811 886 1895 gessisti
908 1815 944 1874 ut
966 1834 1003 1876 ea
1027 1833 1092 1876 non
1114 1817 1188 1876 tan·

217 1899 287 1959 tum
310 1894 494 1960 Alexander
522 1899 577 1959 aut
599 1895 771 1959 Africanus
799 1900 854 1959 aut
876 1895 1040 1959 Hannibal
1069 1897 1189 1980 uidere,
1282 1913 1283 1980 j

180 1998 206 2039 co
219 1979 294 2043 dum
310 1978 478 2060 discerent,
501 1979 557 2044 sed
571 1982 718 2063 parentes
741 1983 836 2064 atque
854 1980 1055 2045 institutores
1079 2002 1188 2044 eorum

218 2067 385 2147 optassent
406 2064 527 2144 facere,
551 2063 626 2127 dum
649 2064 809 2128 docerent.

281 2147 339 2211 IX.
374 2146 477 2221 Quam
499 2151 587 2210 tecta
609 2151 685 2210 sunt
707 2168 833 2231 semper
855 2149 988 2213 consilia
1010 2148 1188 2213 Fortunae!

218 2230 298 2314 quis,
321 2251 448 2315 quaese,
470 2234 539 2295 tum
556 2230 694 2316 publicis
716 2231 811 2296 rebus
833 2254 898 2296 non
913 2236 1058 2317 putasset
1078 2233 1186 2297 inimi·

219 2335 292 2378 cum
313 2317 406 2379 tuum
427 2315 518 2380 illum
541 2337 560 2378 a
582 2316 719 2380 statione
742 2317 897 2381 castrensi
920 2317 960 2380 ad
975 2319 1114 2402 quictem
1137 2339 1189 2381 re·
1280 2383 1281 2404 ,

180 2417 205 2458 ss
219 2400 372 2484 ceptum?
416 2401 578 2465 enimuero
606 2400 662 2463 illa
683 2400 826 2464 futurum
848 2401 1027 2485 principem
1057 2423 1188 2465 comens

217 2485 338 2548 idcirco
364 2485 527 2568 paulisper
559 2485 661 2547 uoluit
687 2490 715 2549 te
744 2506 811 2549 esse
838 2486 1000 2567 priuatum
1026 2489 1077 2566 ut,
1113 2488 1189 2569 qnia

217 2569 283 2631 iam
306 2568 346 2630 ad
367 2565 498 2650 plenum
519 2567 641 2632 bellicis
670 2569 791 2632 artibus
814 2569 1016 2652 abundabas,
1045 2592 1122 2634 usus
1144 2571 1189 2635 ci·

217 2652 292 2716 uilis
320 2651 487 2735 experiens
522 2653 580 2716 sub
610 2652 669 2715 otii
695 2655 839 2736 tempore
871 2653 1058 2720 reddereris.
1102 2655 1189 2738 quod

219 2759 279 2822 ego
308 2741 399 2800 tuum
432 2737 533 2801 otium
562 2736 698 2801 aliorum
730 2739 869 2885 nepotiis
900 2741 1076 2802 anteuerto
1120 2759 1188 2803 non

180 2837 206 2878 ³0
219 2823 305 2886 enim
333 2823 366 2885 te
395 2842 529 2886 amoena
555 2820 652 2885 litora
679 2843 739 2886 nec
785 2822 910 2905 ispositi
938 2822 980 2886 ad
1005 2827 1189 2906 temporum

218 2908 305 2970 uices
327 2906 466 2970 habuere
488 2927 645 2990 secessus,
674 2907 728 2970 sed
751 2908 819 2971 siue
840 2910 878 2971 tu
900 2907 985 2991 agris
1008 2908 1075 2971 siue
1097 2910 1189 2991 oppi-

286 3148 302 3195 3
321 3143 462 3194 difficilins
480 3142 503 3192 Δ
523 3141 533 3208 ΙΙ
554 3147 570 3193 5
590 3143 666 3194 illam
685 3145 705 3192 B
724 3147 741 3193 0
757 3143 761 3206 Ι
780 3143 900 3213 neniam]
920 3146 1000 3195 uenio
1018 3147 1041 3194 Δ
1059 3161 1190 3196 necessa·
1278 3147 1279 3196 4

217 3213 285 3260 riam
302 3215 343 3261 nel
360 3212 516 3262 necessaria
534 3213 551 3259 0
571 3209 581 3276 ΙΙ
603 3214 618 3262 7
636 3219 715 3261 actus
732 3213 755 3259 Δ
771 3210 782 3277 ΙΙ
804 3215 835 3262 16
853 3211 958 3277 tumen]
978 3219 1036 3262 tam
1055 3213 1130 3263 Bert.
1152 3213 1190 3277 (?)

220 3275 225 3342 1
249 3279 309 3342 plus
328 3279 453 3329 blandita
471 3280 487 3327 0
506 3278 594 3328 Bert:
619 3278 743 3329 blandita
762 3281 824 3344 plus
841 3282 874 3329 H·
897 3279 907 3346 ΙΙ
938 3284 969 3331 17
989 3277 1049 3346 aut]
1071 3296 1104 3330 ac
1121 3281 1146 3330 A
1176 3280 1189 3345 Η

220 3346 251 3395 18
279 3359 333 3394 non
357 3350 413 3395 tam
437 3349 455 3394 0
485 3343 495 3410 ΙΙ
526 3349 559 3396 20
587 3346 725 3396 discerent
747 3345 879 3398 docerent
902 3346 949 3398 sed
971 3350 994 3396 Δ
1028 3345 1038 3412 ΙΙ
1071 3350 1105 3400 23
1132 3363 1191 3398 non

219 3427 265 3464 om.
284 3413 317 3459 W
346 3409 356 3476 ll
385 3415 418 3464 25
439 3413 557 3464 condens
580 3413 761 3478 chtemias.
792 3432 825 3464 an
847 3419 1035 3481 componens?
1065 3413 1075 3481 ΙΙ
1106 3417 1139 3466 26
1159 3421 1191 3465 te

218 3495 346 3596 {ampla
363 3481 391 3526 Π
420 3477 430 3543 ΙΙ
459 3482 492 3530 28
511 3480 611 3544 quido
640 3479 650 3546 ll
680 3484 712 3532 30
730 3487 758 3532 te
776 3499 821 3533 om.
839 3485 873 3532 W
896 3481 907 3549 ss
936 3487 966 3534 31
988 3479 1109 3551 oppidis]
1128 3486 1192 3548 opi·

238 3561 271 3597 ns
1277 3561 1278 3583 ¹
