2578 4000
247 180 457 232 urxrnmuo
476 182 524 232 nr
545 181 804 234 cousrrurruo
824 183 859 232 n.
883 185 959 233 a-a
1026 180 1084 244 151

116 333 244 396 tantum
265 331 300 394 in
321 333 353 394 te
375 329 491 415 patris,
524 329 752 414 Constantine,
782 331 836 395 sed
859 331 957 396 etiam
984 331 1086 396 conti-

118 416 230 480 nentia
256 415 427 498 fortitudo,
457 415 580 480 iustitia
607 415 778 500 prudentia
806 437 874 480 sese
902 417 986 480 uotis
1009 437 1086 502 gen-

117 501 198 565 tium
242 503 438 567 raesentant.

179 523 247 660 ,Vr
281 584 446 661 Quomodo
475 585 561 649 enim
589 585 692 671 magis
722 585 955 650 continentiam
983 585 1085 669 patris

116 689 251 754 aequare
266 669 399 754 potuisti
422 691 517 754 quam
540 669 624 754 quod
646 675 678 734 te
701 671 827 754 abipso
849 670 914 734 fine
928 670 1111 754 pueritiaea

116 755 189 820 ilico
210 755 409 820 matrimonii
424 754 548 840 legibus
563 754 748 819 tradidisti?
769 757 805 818 nt
819 755 924 839 primo
939 755 1086 838 ingressu

116 838 352 904 adulescentiae
373 839 528 904 formares
551 841 693 904 animum
717 840 912 924 maritalem,
940 839 1026 904 nihil
1048 839 1085 904 de

117 925 208 1008 uagis
229 924 470 1008 cupiditatibus,
493 924 577 989 nihil
591 925 630 990 de
646 925 804 990 concessis
826 925 924 989 aetati
939 925 1085 1008 uolupta-

116 1009 201 1074 tibus
223 1009 259 1073 in
282 1008 343 1074 hoo
365 1030 492 1074 sacrum
512 1012 625 1093 pectus
647 1010 849 1092 admitteres,
876 1031 999 1074 nouum
1020 1011 1086 1076 iam

116 1096 184 1158 tum
210 1093 416 1177 miraculum,
446 1095 571 1159 iuuenis
598 1095 739 1160 uxorius.
785 1095 854 1178 sed,
882 1098 920 1158 ut
941 1115 992 1158 res
1022 1097 1081 1178 est,
1098 1113 1123 1152 10

115 1181 222 1243 mente
244 1200 403 1264 praesaga
431 1179 579 1243 omnibus
601 1183 633 1244 te
656 1179 868 1245 uerecundiae
890 1179 1086 1244 obseruatio-

116 1263 208 1326 nibus
246 1262 428 1346 imbuebas,
471 1263 571 1328 talem
607 1267 720 1347 postea
756 1264 908 1328 ducturus
944 1284 1085 1328 uxorem.

115 1347 337 1413 fortitudinem
359 1351 466 1413 autem
486 1349 573 1412 illius
594 1348 661 1412 iam
680 1351 749 1413 tum
771 1349 805 1412 in
820 1347 987 1432 principiis
1011 1368 1086 1412 con-

116 1436 242 1497 secutus
266 1454 309 1497 es.
353 1433 455 1498 multa
482 1433 536 1497 ille
559 1431 755 1499 Francorum
777 1433 881 1516 milia,
911 1431 967 1518 qui
987 1431 1084 1496 Bata-

116 1517 200 1581 niam
227 1517 371 1602 aliasque
394 1518 439 1583 cis
461 1517 612 1582 Rhenum
634 1520 736 1583 terras
758 1518 958 1598 inuaserant,
986 1517 1085 1581 inter·
1098 1533 1124 1576 15

114 1599 192 1700 fecit
213 1602 357 1700 depulit,
378 1605 464 1687 cepit
485 1602 633 1700 abduxit:
666 1605 702 1667 tu
724 1604 789 1666 iam
811 1602 850 1666 ab
874 1603 1085 1701 ipsiseorum

116 1687 1085 1857 {itit,intituliSttlttittuiittrlttt

117 1856 257 1922 uinxisti.
287 1856 436 1922 liberauit
457 1857 511 1921 ille
526 1856 715 1922 Britannias
738 1857 906 1921 seruitute:
928 1859 964 1919 tu
988 1855 1085 1919 etiam

116 1941 235 2006 nobiles
266 1941 333 2006 illic
361 1942 492 2008 oriendo
517 1941 633 2007 fecisti.
677 1941 832 2026 plurimas
855 1941 909 2004 ille
932 1939 1084 2006 barbaras
1097 1959 1123 1998 2⁰

117 2027 263 2091 nationes
277 2027 421 2091 uictoriis
433 2027 565 2111 domuit,
580 2027 676 2092 uenia
691 2025 869 2110 mitigauit:
883 2025 944 2089 tibi
960 2025 1084 2090 cunctis

117 2107 259 2177 hostibus
287 2111 463 2176 alacritatis
490 2115 564 2176 tuae
587 2115 708 2176 terrore
737 2111 926 2195 compressis
954 2110 1085 2174 interim

117 2193 203 2260 deest
223 2197 360 2260 materia
381 2195 544 2261 uincendi.

176 2280 215 2345 V.
244 2280 407 2345 Iustitiam
429 2301 505 2345 uero
527 2282 628 2365 patris
652 2285 746 2365 atque
769 2282 923 2365 pietatem
945 2279 990 2344 sic
1013 2279 1084 2343 imi-

116 2365 194 2428 taris
221 2368 256 2430 et
283 2367 423 2450 sequeris
456 2368 492 2429 ut
519 2365 667 2430 omnibus
696 2365 735 2430 ad
762 2369 795 2428 te
823 2364 1083 2449 confugientibus
1097 2379 1122 2421 2⁵

117 2447 337 2534 diuersamque
365 2471 459 2534 opem
485 2453 540 2514 aut
567 2455 681 2516 contra
709 2449 845 2514 aliorum
866 2449 1002 2514 iniurias
1023 2451 1085 2512 ⁴aut

118 2553 173 2615 pro
195 2537 262 2600 suis
285 2535 460 2600 commodis
473 2535 719 2685 postulantibus
742 2534 834 2620 quasi
855 2533 962 2620 legata
982 2532 1084 2617 patris

118 2617 253 2685 uidearis
275 2621 438 2686 exsoluere
460 2622 471 2685 i

118 2700 223 2788 dicari,
246 2705 398 2788 quicquid
419 2710 454 2769 tu
476 2707 558 2770 iuste
581 2727 619 2770 ac
641 2704 817 2770 liberaliter

119 2784 302 2854 Constantii
323 2791 502 2855 necessario
525 2789 733 2873 praestitisse.
762 2787 938 2871 namquid
961 2807 1021 2871 ago
1044 2786 1083 2851 de
1096 2805 1123 2846 ao

119 2872 286 2952 prudentia
314 2874 433 2959 dicam,
462 2895 524 2959 qua
550 2877 582 2938 te
610 2895 712 2957 paene
739 2872 896 2938 credimus
924 2870 993 2935 fore
1015 2871 1084 2954 ipso

119 2959 205 3036 patre
227 2959 409 3043 potiorem?
452 2961 506 3044 qui
528 2959 652 3022 ueteres
679 2957 752 3023 illos
774 2955 937 3021 Romanae
959 2955 1006 3019 rei
1027 2975 1084 3038 pu-

119 3037 218 3107 blicae
240 3043 419 3129 principes,
449 3044 645 3129 superiorem
669 3041 859 3107 Africanum
880 3040 1085 3124 Pompeium-

119 3179 318 3194 m

115 3298 120 3302 .
184 3251 201 3298 4
218 3248 361 3316 quomodo]
381 3266 433 3316 quo
452 3253 469 3299 0
487 3252 545 3301 edd.
570 3247 581 3314 ll
605 3251 637 3299 14
656 3264 686 3300 es
703 3263 741 3298 w:
766 3252 808 3298 est
825 3250 852 3297 11
876 3246 886 3314 ΙΙ
910 3249 942 3298 16
960 3244 1082 3316 illorum]

120 3327 210 3366 eorum
227 3319 250 3368 Δ
266 3317 276 3384 ΙΙ
295 3321 326 3370 19
343 3319 461 3369 iunxisti
478 3320 530 3368 GV
542 3315 552 3384 ΙΙ
569 3318 601 3367 21
620 3318 746 3369 uictoriis
764 3315 868 3366 domuit
886 3332 947 3380 epo:
964 3317 1084 3367 uictores

121 3379 221 3434 domuit
238 3389 261 3435 A
278 3389 370 3438 uictor
389 3386 454 3450 (ras.
471 3390 487 3436 2
506 3385 564 3449 litt)
583 3385 703 3436 edomuit
720 3399 746 3433 w
763 3384 852 3434 uictor
870 3383 974 3434 domuit
991 3385 1011 3433 B
1029 3385 1084 3433 (tv

120 3448 232 3502 uictoria
251 3455 356 3505 domuit
376 3456 451 3519 Creop.
477 3452 486 3520 11
511 3456 543 3504 30
561 3468 674 3524 recessa
692 3454 715 3503 Δ
735 3452 739 3518 Ι
761 3451 936 3518 praestitisse
957 3453 1085 3516 Lonpias:

120 3521 285 3578 praestitisti
301 3524 328 3571 Μ

494 2642 556 2706 que
577 2621 684 2705 ipsum
707 2641 813 2685 coram
829 2619 970 2767 pandens
992 2639 1084 2702 prae·

850 2703 960 2782 aceris,
983 2703 1085 2766 filium
