2582 3992
495 246 498 254 .
512 197 545 248 V.
574 195 725 250 INGERTI
743 195 823 247 Pan.

642 381 674 454 V

247 631 556 749 annueramus
588 531 864 748 3011111110
896 677 1086 748 cansam

551 803 577 852 D
595 802 610 853 I
627 803 648 852 C
666 801 690 852 Τ
707 803 733 853 U
751 801 782 853 S.
923 817 928 822 '

158 972 172 1014 e
249 950 276 1016 I.
305 950 340 1018 si
361 950 451 1035 mihi,
475 951 590 1018 Caesar
610 951 741 1034 inuicte,
764 953 839 1034 post
853 950 1038 1019 diuturnum
1053 948 1151 1017 silen-

184 1036 267 1101 tium
294 1036 361 1100 sola
389 1040 472 1100 esset
499 1036 657 1100 uincenda
680 1035 850 1120 trepidatio
881 1055 944 1117 qua
968 1033 1152 1104 rudimenta

185 1119 345 1204 quaedam⁴
362 1120 451 1186 necis
465 1141 554 1186 meae
576 1141 685 1185 rursus
708 1119 867 1202 experior:
890 1119 976 1182 haud
990 1118 1152 1190 immerito

112 1215 114 1220 ’
185 1227 236 1270 me
258 1205 342 1268 ultra
369 1225 465 1288 quam
487 1209 575 1276 aetas
603 1207 636 1269 et
657 1204 946 1288 quantulacumque
968 1202 1066 1268 studii
1087 1201 1152 1266 mei

186 1291 286 1366 ferret
314 1289 422 1372 opinio
447 1288 627 1374 pe1turleari
649 1289 831 1371 confiterer,
861 1287 1051 1370 praesertim
1079 1307 1153 1351 cum

147 1396 173 1436 ιο
187 1376 266 1457 aput
293 1374 492 1446 maiestatem
522 1377 609 1438 tuam
643 1373 752 1436 diuina
785 1373 939 1436 uirtutum
972 1373 1153 1438 uestrarum

186 1457 339 1524 miracula
353 1458 582 1541 praedicarem.
607 1479 670 1540 quo
684 1457 718 1521 in
729 1477 847 1542 genere
862 1456 1015 1526 orationis
1031 1459 1153 1539 quanta

187 1545 272 1606 esset
294 1563 378 1625 eura,
402 1544 539 1624 quantus
561 1541 659 1625 labor,
686 1563 781 1624 quam
803 1541 940 1606 sollicita
961 1541 1152 1620 lucubratiu

187 1626 406 1710 sensianum,
436 1647 508 1690 cum
535 1627 570 1690 in
597 1625 760 1694 cotidiana
788 1625 843 1690 illa
864 1625 1079 1695 instituendae
1106 1625 1153 1689 iu-

91 1767 93 1772 .
186 1710 327 1775 uentutis
356 1711 585 1777 exercitatione
613 1731 774 1792 uersarer,
802 1709 948 1794 quamuis
976 1709 1019 1774 ibi
1048 1709 1153 1793 prima

149 1814 175 1856 15
187 1799 266 1860 tunc
294 1795 330 1859 in
355 1799 578 1870 renascentem
593 1794 835 1878 rempublicam
857 1794 958 1877 patris
987 1815 1024 1858 ac
1045 1795 1154 1878 patrui

186 1881 235 1942 tui
257 1879 387 1961 merita,
414 1879 489 1944 licet
511 1879 644 1944 dicendo
666 1899 803 1962 aequare
824 1900 890 1944 non
934 1899 1052 1962 oseem,
1081 1899 1155 1962 pos-

188 1985 255 2028 sem
276 1967 385 2027 tamen
411 1985 576 2030 recensere
602 1963 830 2028 enumerando.
860 1901 932 2026 aad
951 1984 1024 2035 cum
1047 1965 1089 2029 et,
1102 1984 1153 2028 me

188 2068 227 2110 ex
248 2047 304 2112 illo
319 2051 427 2112 uetere
450 2046 607 2118 curriculo
629 2051 685 2111 aut
698 2047 785 2110 inter
804 2047 901 2131 adyta
915 2046 1032 2112 Palatii
1053 2047 1155 2112 uestri

187 2131 250 2194 alia
278 2131 433 2213 quaedam
461 2131 618 2204 sermonis
648 2132 756 2200 arcani
783 2133 866 2199 ratio
893 2131 1071 2202 demouerit
1098 2133 1155 2195 aut

148 2235 175 2276 ae
187 2217 262 2298 pest
275 2213 433 2280 indultam
455 2237 474 2278 a
488 2215 608 2298 pietate
628 2218 735 2282 uestra
750 2216 890 2300 quietem
911 2215 1051 2282 studium
1070 2216 1154 2280 ruris

188 2299 357 2374 abduxerit
378 2303 411 2363 et
432 2321 490 2364 uos
511 2301 643 2364 interim
664 2300 788 2369 nullum
811 2299 1012 2370 ulciscendae
1034 2321 1155 2384 augen-

188 2383 310 2466 daeque
331 2385 377 2448 rei
398 2385 547 2467 publicae
568 2407 703 2456 uacuum
724 2388 850 2468 tempus
873 2385 1053 2467 amiseritiS,
1081 2405 1156 2448 eum

187 2470 239 2531 tot
252 2473 365 2551 postea
386 2469 504 2534 uirtute
526 2472 634 2549 uestra
648 2472 759 2553 partae
779 2470 943 2552 uictoriae,
965 2473 1014 2534 tet
1029 2468 1155 2534 excisae

187 2551 328 2634 undique
349 2553 506 2618 barbarae
527 2554 686 2636 natones,
708 2556 758 2620 tot
781 2553 927 2618 translati
950 2555 1016 2618 sint
1037 2551 1156 2618 111110-

149 2653 176 2698 ae
189 2656 284 2698 mana
314 2635 467 2720 cultures,
502 2643 545 2702 tet
574 2638 691 2722 prolati
723 2638 857 2720 limites,
892 2641 942 2706 tot
967 2637 1155 2722 prouinciae

256 2843 272 2892 5
291 2842 393 2892 inuicte
412 2842 489 2893 om.0
506 2839 516 2907 ΙΙ
535 2844 565 2892 11
584 2843 717 2894 miracula
734 2848 885 2897 uestrarum
907 2844 957 2896 nc
969 2843 1010 2900 Vl
1030 2841 1157 2908 predica-

188 2909 240 2960 rim
258 2924 275 2974 ς
291 2907 301 2974 ΙΙ
320 2911 351 2958 12
369 2909 523 2962 lucubratio
542 2925 603 2974 eac:
620 2911 761 2966 ueneratio
779 2907 833 2976 1111
852 2913 884 2963 14
901 2911 940 2961 ibi
956 2911 1065 2976 scripu:
1083 2910 1156 2962 enim

188 2977 215 3025 Μ
232 2974 242 3043 ΙΙ
260 2979 291 3026 16
310 2975 422 3027 dicendo
440 2993 487 3029 om.
508 2980 525 3026 0
546 2974 558 3044 ll
579 2981 610 3028 1⁷
628 2993 774 3030 recensere
793 2980 810 3027 0
828 2977 917 3029 Bere:
934 2978 981 3028 uel
1000 2991 1112 3028 censere
1129 2980 1157 3027 Ι

191 3041 194 3109 l
218 3044 401 3104 enumerando
420 3059 482 3110 eae:
500 3045 668 3096 numerando
685 3045 712 3093 11
737 3045 744 3109 l
770 3061 830 3098 cum
849 3049 878 3096 et
895 3061 938 3096 me
957 3061 991 3096 ex
1008 3043 1156 3099 Maleatas:

189 3125 252 3160 cum
271 3114 298 3160 et
315 3111 345 3158 in
364 3125 396 3160 eo
414 3111 436 3159 B
453 3113 471 3159 0
488 3113 511 3159 V
534 3117 562 3162 et
579 3127 639 3162 cnm
658 3119 686 3162 et
703 3128 763 3162 mec
782 3113 805 3160 Α
826 3117 853 3162 et
871 3128 931 3163 cum
953 3113 982 3162 in
1000 3127 1060 3162 meo
1080 3112 1156 3164 nera.

190 3192 251 3226 cum
268 3178 359 3227 mein
377 3176 520 3243 eo'w1118
539 3185 636 3230 curric.
654 3179 703 3229 illo
724 3185 819 3230 uetere
838 3180 913 3231 Bert.
930 3177 941 3246 1
958 3181 989 3230 19
1008 3175 1076 3246 alia]
1096 3180 1157 3229 alta

188 3245 304 3306 Lanatus
316 3240 326 3308 ΙΙ
339 3245 370 3294 21
389 3245 500 3295 interim
517 3262 565 3300 om.
577 3247 611 3296 W
627 3247 702 3296 inter
718 3247 741 3296 Δ
755 3244 760 3312 Ι
776 3247 969 3312 augendaeque
987 3249 1034 3296 W:
1054 3260 1157 3312 augen-

190 3311 271 3376 dique
288 3312 312 3361 A
329 3313 470 3376 augendae
488 3315 573 3363 11011
590 3312 601 3379 ΙΙ
621 3315 654 3364 22
672 3318 779 3379 tempus
798 3331 844 3366 cnr.
862 3318 879 3364 0
900 3313 911 3381 l
932 3317 966 3366 24
982 3315 1012 3364 in
1029 3313 1157 3364 Romana

191 3379 293 3430 Liuia:
314 3379 344 3428 in
362 3393 445 3430 roma.
466 3381 496 3430 in
512 3395 626 3431 romana
643 3382 666 3429 A
682 3383 711 3431 in
730 3381 843 3432 Romam
860 3381 934 3434 Bert.
957 3383 986 3432 in
1004 3396 1080 3432 roma
1098 3381 1119 3430 B
1139 3385 1157 3432 0

189 3447 219 3495 in
236 3461 312 3562 τῗυα
328 3448 358 3496 in
375 3448 486 3498 romaV
504 3463 568 3498 rura
585 3451 614 3498 in
633 3463 744 3499 romana
760 3463 785 3498 w
797 3447 808 3514 ΙΙ
820 3452 853 3500 25
871 3454 913 3501 tot
931 3451 991 3502 add.
1006 3449 1157 3500 Acidaliae:

189 3529 237 3565 om.
