2572 3990
406 197 618 250 11111101.
642 201 752 256 41-11,
809 237 812 243 -
1023 201 1065 266 43

91 348 164 430 ipse
192 367 325 410 occursu
346 368 472 430 quoque
500 348 634 433 uisuque
655 351 831 414 terribilisc
852 352 1002 434 superbia
1029 353 1065 416 in

92 431 211 512 fronte,
241 432 289 496 ira
317 431 352 494 in
381 431 493 515 oculis,
524 433 683 498 femineus
710 435 816 518 pallor
848 436 884 500 in
920 457 1063 520 corpore,

92 517 207 580 111011
234 515 435 600 impudentia
461 518 563 585 multo
585 519 850 584 ruboresuffusa.
887 542 954 584 non
977 521 1064 586 adire
1093 527 1097 532 ‘

83 601 278 685 quisquam,
322 622 390 665 non
424 602 545 686 alloqui
577 603 716 667 audebat
753 605 901 670 tenebras
939 627 1064 688 semper

92 689 314 768 secretumque
343 689 527 770 captantem
559 709 620 752 nec
647 710 797 772 umquam
826 711 865 752 ex
893 690 1090 756 solitudines

92 793 150 834 sua
172 771 396 854 prodeuntem,
418 771 482 836 nisi
504 773 541 838 ut
563 772 768 836 solitudinem
790 773 920 839 faceret.

157 854 274 919 XLIX.
302 855 362 920 llle
383 860 493 921 tamen
511 857 626 939 quibus
642 857 703 921 sibi
719 859 895 940 parietibus
917 862 949 922 et
964 861 1063 924 muris

92 939 231 1004 salutem
253 961 342 1003 ruam
364 942 448 1004 tueri
470 941 649 1023 uidebatur,
671 942 780 1006 dolum
802 965 910 1007 secum
933 945 1063 1010 1111111-

93 1024 162 1088 dias
183 1025 216 1088 et
229 1026 367 1088 ultorem
387 1025 543 1089 scelerum
564 1027 659 1090 deum
675 1026 815 1090 inclusit.
844 1028 979 1092 dimouit
992 1050 1064 1112 per·

92 1108 254 1192 fregitque
278 1109 438 1173 custodias
461 1127 564 1193 poena
586 1114 800 1195 angustosque
823 1133 879 1195 per
901 1113 1008 1176 aditus
1031 1117 1064 1178 et
1077 1134 1102 1174 10

90 1194 275 1258 obstructos
298 1215 365 1258 non
388 1215 478 1258 secus
503 1216 540 1259 ac
567 1217 625 1279 per
653 1199 780 1279 apertas
807 1196 892 1261 fores
921 1201 953 1261 et
981 1198 1063 1262 11111-

92 1279 198 1342 tantia
226 1279 339 1342 limina
366 1279 498 1362 irrupit3
538 1279 697 1364 longeque
727 1285 806 1345 tunc
832 1281 882 1344 illi
909 1281 1062 1348 diuinitas

92 1385 161 1445 sua,
192 1363 290 1446 longe
316 1385 432 1428 arcana
461 1365 517 1428 illa
540 1365 658 1428 cubilia
680 1365 828 1448 saeuique
850 1387 1002 1448 secessus,
1027 1367 1063 1431 in

92 1469 170 1530 ques
193 1448 309 1510 timore
332 1450 364 1510 et
386 1448 535 1531 superbia
558 1452 590 1512 et
612 1450 685 1512 odio
708 1451 875 1514 hominum
895 1452 1073 1540 agebaturL

48 1535 54 1548 '
92 1535 212 1614 quanto
235 1553 323 1595 nunc
351 1533 462 1616 tutior,
492 1537 610 1616 quanto
640 1535 780 1598 securior
799 1533 911 1599 eadem
939 1536 1061 1620 domus,
1076 1553 1100 1594 15

90 1620 264 1700 postquam
287 1637 357 1679 erus
380 1639 446 1681 non
470 1619 666 1682 crudelitatis
690 1619 746 1682 sed
768 1621 885 1683 auroris
909 1621 1061 1703 excubiis,

92 1722 158 1764 non
188 1701 360 1764 solitudine
388 1705 421 1764 et
450 1703 598 1766 claustris
633 1702 688 1766 sed
725 1703 855 1766 ciuium·
876 1704 1062 1767 celebritate

92 1786 291 1849 defenditur!
316 1785 429 1868 ecquid
444 1807 521 1871 ergo
539 1786 690 1850 discimus
706 1788 925 1870 experimento
946 1787 1063 1851 fidissi-

93 1892 177 1934 mam
206 1892 275 1934 esse
299 1871 478 1934 custodiam
506 1871 662 1955 principis
690 1871 791 1954 ipsius
819 1871 1087 1936 innocentiaml'

92 1954 172 2018 haec
194 1977 251 2018 arx
273 1955 447 2038 inaccessa,
471 1956 532 2020 hoc
555 1955 804 2041 inexpugnabile
815 1956 1060 2041 munimentum,
1075 1975 1099 2014 20

92 2038 293 2104 munimento
315 2060 381 2104 non
397 2051 518 2124 egere
540 2041 659 2104 frustra
674 2062 707 2104 sc
730 2044 851 2105 terrore
867 2041 1062 2106 succinxerit

92 2125 145 2206 qui
176 2126 306 2206 saeptus
338 2125 469 2188 caritate
499 2147 567 2189 non
597 2125 710 2190 fuerit:
744 2126 842 2190 armis
864 2127 951 2190 enim
973 2149 1062 2190 arma
1109 2196 1110 2200 ,

91 2210 270 2272 irritantur.
307 2231 386 2273 num
409 2213 516 2274 autern
539 2210 636 2274 serias
658 2213 786 2274 tantum
808 2214 917 2294 partes
938 2211 1062 2275 dierum
1129 2223 1131 2230 ’

89 2293 125 2356 in
148 2293 249 2358 oculis
271 2295 390 2357 nostris
412 2297 565 2377 coetuque
582 2294 765 2359 consumis?
787 2317 853 2358 non
870 2295 1062 2359 remissioni-

91 2379 151 2441 bus
172 2379 238 2442 tuis
260 2379 372 2442 eadem
401 2379 583 2461 frequentia
614 2379 787 2462 eademque
816 2379 871 2442 illa
898 2381 1060 2444 socialitas
1075 2397 1100 2437 25

88 2462 248 2530 interest?
275 2485 341 2527 non
369 2463 430 2527 tibi
458 2485 582 2547 semper
610 2464 644 2526 in
673 2464 778 2528 medio
808 2464 896 2528 cibus
925 2486 1062 2547 semper-

88 2569 151 2630 que
173 2569 287 2611 mensa
309 2547 509 2612 eommunis?
538 2569 606 2612 non
627 2571 666 2612 ex
689 2548 839 2613 conuictu
860 2551 971 2613 nostro
994 2570 1061 2612 mu-

89 2635 147 2696 tua
174 2631 347 2716 uoluptas?
383 2655 449 2697 non
483 2653 640 2717 prouocas
673 2633 840 2717 reddisquc
875 2631 1062 2698 sermones?

90 2738 158 2780 non
180 2717 288 2800 ipsum
309 2720 436 2800 tempus
452 2717 618 2800 epularum
640 2721 779 2801 tuarum,
804 2738 876 2781 cum
891 2718 1061 2803 frugalitas

90 2800 273 2884 contrahat,
298 2803 440 2866 extendit
462 2801 678 2866 humanitas?
703 2824 769 2866 non
792 2802 878 2865 1111111
901 2806 975 2864 ante
997 2815 1100 2864 111-10

90 2886 179 2950 dium
202 2886 285 2950 diem
309 2887 467 2950 distentus
497 2887 640 2950 solitaria
669 2907 747 2950 cena
774 2888 936 2968 spectator
962 2885 1062 2948 adno-

161 3129 172 3174 1
193 3141 329 3176 concursu
340 3128 373 3174 W
391 3142 459 3176 corr.
472 3143 503 3178 m.
516 3131 568 3176 rec.
584 3122 593 3189 ΙΙ
607 3128 622 3176 3
640 3123 827 3190 imprudentia
842 3126 859 3172 0
872 3120 881 3188 ΙΙ
893 3125 911 3172 4
928 3123 1031 3174 audeat
1044 3125 1061 3173 0

93 3189 105 3254 ll
121 3195 153 3243 10
170 3208 263 3258 poena
277 3195 305 3241 0:
324 3209 395 3257 pene
408 3195 459 3242 BV
478 3208 566 3259 penae
578 3194 611 3241 W
624 3190 634 3257 ΙΙ
649 3195 680 3242 14
700 3193 855 3258 angebatur
868 3192 900 3240 W
913 3189 922 3256 ΙΙ
937 3194 968 3242 15
987 3207 1067 3241 nunc·

90 3260 169 3309 WB:
188 3262 330 3311 1110οἾ
351 3259 360 3325 ΙΙ
383 3263 413 3310 16
431 3267 577 3326 postquam
599 3261 756 3311 Coronaeus.-
777 3268 840 3325 post
857 3258 904 3326 lll
928 3274 990 3310 erus
1009 3259 1062 3324 (uel

89 3341 151 3378 erue
172 3327 248 3390 eius)
262 3331 370 3392 scripsi.-
390 3329 449 3379 eius
468 3331 495 3378 Μ
513 3329 607 3378 aditus
627 3330 687 3378 eius
705 3330 838 3379 Liuineius
856 3327 982 3378 dominus
1002 3329 1060 3378 eius

90 3394 196 3458 Lipsius
226 3394 237 3461 ll
268 3396 770 3448 1111111111111110111111011.0
800 3393 810 3460 ΙΙ
841 3397 872 3446 18
891 3395 990 3460 ecquid
1013 3396 1061 3445 Li-

90 3463 203 3513 uiner‘ur:
227 3467 256 3514 et
280 3463 345 3530 quid
363 3465 390 3512 li
419 3463 429 3527 ΙΙ
459 3467 491 3514 21
515 3480 569 3515 non
593 3469 701 3530 egetur
730 3461 740 3529 u
769 3466 802 3515 23
820 3465 983 3514 numOW:
1006 3478 1062 3513 non

89 3529 152 3578 BV
182 3527 192 3596 ΙΙ
222 3534 255 3582 27
273 3547 337 3581 num
357 3547 391 3581 ex
408 3544 433 3579 w
463 3530 473 3597 Ι]
502 3535 535 3583 28
557 3547 622 3584 num
640 3537 715 3596 prou'.
734 3546 759 3580 w
788 3530 798 3597 ΙΙ
828 3533 860 3582 29
883 3546 947 3581 num
965 3532 1017 3594 ips.
1037 3542 1061 3576 w
