2582 3992
264 210 335 262 rao
353 209 630 262 ansnnnnrnols
649 207 783 262 sconis.
805 211 912 262 rer-rs.
1007 207 1070 272 129

107 361 226 443 fitero,
259 359 310 424 uir
341 357 589 442 perfectissime,
624 359 688 422 nisi
714 359 794 442 ipsis
821 359 1067 442 imperatoribus
1145 385 1163 442 j
1222 411 1223 414 ,

110 443 354 526 Caesaribusque
386 443 506 508 nostris
539 447 669 528 gratum
704 465 771 508 esse
808 443 999 508 confiderem
1032 448 1069 509 nt

107 528 264 613 publioam
293 549 403 596 eorum
436 527 471 592 in
500 527 698 592 restituendo
728 527 803 592 orbs
829 528 983 612 pietatem
1009 551 1068 613 pro

108 635 163 680 suo
188 612 320 762 (11112126
348 615 457 696 eaptu‘
478 612 513 678 in
540 613 733 694 renouandis
764 631 894 679 ¹sumum
922 613 1067 698 uestigiis

110 719 229 764 aemne
242 719 290 764 ur.

167 781 286 848 XVIII.
332 780 410 858 Quis
433 780 519 849 enim
546 802 635 848 nune
656 782 702 846 sit·
720 781 827 848 animo
854 785 922 848 tam
940 716 1101 868 humili,5
1191 778 1193 781 ’
1267 803 1268 858 1

108 870 173 932 tam
194 867 335 951 abiecte,
356 869 425 933 tem
447 867 487 930 ab
509 867 597 932 omni
619 867 818 952 appetitione
840 867 941 933 landis
965 867 1069 934 alieno
1267 861 1268 896 ³

109 955 228 1018 utnon
257 956 290 1018 et
311 952 635 1036 quantulernoumqne
657 953 843 1018 memoriam
866 974 995 1018 suorum
1018 975 1069 1019 ex-

110 1037 201 1102 aitare
229 1041 264 1102 et
285 1037 347 1101 sibi
374 1035 493 1122 aliquid
516 1037 677 1102 secundae
700 1037 863 1123 opinionis
891 1039 1000 1122 cupiat
1021 1059 1070 1104 ee-

110 1121 248 1270 qiireoe't
270 1121 610 1272 {umfnffdeffissomnie
625 1144 718 1273 lquoe
740 1123 881 1272 mortim
903 1123 974 1272 tite
997 1145 1069 1272 ogn-
1082 1143 1107 1185 ιο

109 1227 235 1273 ereren
294 1227 331 1270 ao
368 1227 440 1272 orer
491 1228 602 1271 essee
652 1228 742 1271 reu

109 1290 159 1357 diu
189 1291 280 1358 siluis
313 1291 435 1373 obsitas
468 1295 564 1376 atque
596 1229 881 1356 tilabititaigefiirii'
896 1230 1070 1358 instatiaeri

108 1375 278 1458 moenibus,
301 1375 417 1440 ineolis
438 1375 650 1460 frequentem
673 1376 758 1459 quod
780 1377 815 1440 in
835 1378 966 1461 Aegaeo
988 1379 1070 1442 mari

110 1460 201 1527 semel
224 1459 364 1546 eontigit
385 1463 435 1540 ut,
467 1481 547 1544 quae
570 1461 687 1544 apertis
710 1460 859 1524 fiuctibus
881 1461 1068 1546 uagabatur,

108 1549 234 1628 repente
256 1545 364 1610 insula
385 1544 483 1610 Delos
511 1544 653 1629 sisteret,
680 1544 747 1609 eius
774 1566 862 1608 nuno
890 1547 993 1610 simile
1020 1549 1071 1610 tot
1084 1565 1109 1607 1⁵

110 1629 279 1696 orientibus
301 1629 441 1714 undique
464 1629 664 1713 ciuitatibus,
691 1632 741 1693 tot
762 1629 876 1694 insulis
899 1631 939 1694 ad
961 1630 1070 1694 bume-

108 1733 163 1778 nos
189 1716 294 1782 nultus
322 1715 413 1799 quasi
437 1714 679 1779 renascentibus
707 1713 859 1778 euenire?
902 1714 966 1778 nisi
987 1715 1070 1778 forte

109 1818 170 1862 non
235 1799 326 1864 auior
348 1797 550 1864 Britanniam
578 1799 670 1863 ruina
697 1798 896 1882 depresserat
923 1819 1017 1882 quam
1044 1799 1071 1863 si

109 1821 271 1966 superiiso
312 1886 477 1970 tegeretur
519 1903 638 1948 oceano
702 1904 781 1967 quae
822 1882 1070 1966 profundissimo

109 1987 282 2112 Poenarum
303 1969 433 2066 gurgite
447 1969 590 2118 1112132212
614 1933 654 2032 ati
677 1970 883 2116 conspectur}
907 1966 1071 2066 itomanae
1084 1989 1109 2028 ro

110 2056 622 2235 liaiiiaiibieirbii⁷riitgisaibiititg
660 2053 1072 2203 'uaitneoiirirdnoueiritmiiariiti

110 2218 263 2288 desiderat
288 2244 384 2306 quam
406 2244 433 2288 si
461 2244 532 2288 earn
555 2223 748 2288 oirournfusa
767 2223 901 2287 fiumina
930 2225 962 2286 et
982 2244 1071 2287 mare

110 2305 228 2372 alluens
251 2308 440 2390 operuisset.
481 2329 557 2372 nam
580 2307 656 2391 quid
678 2329 737 2392 ego
760 2307 883 2371 alernm
906 2309 938 2371 et
961 2307 1072 2372 eohor-

110 2388 185 2454 tium
205 2395 310 2456 eastra
331 2411 533 2476 percenseam
557 2394 625 2455 toto
644 2391 751 2456 Rheni
773 2394 806 2455 et
826 2390 931 2455 Histri
953 2394 987 2456 et
1008 2392 1071 2456 Eu·
1084 2410 1110 2450 25

109 2473 199 2540 fratis
231 2475 336 2541 limiae
368 2475 542 2541 restituta?
586 2497 649 2560 qna
676 2477 761 2542 ueris
795 2476 981 2540 autumniue
1012 2476 1072 2540 ele·

109 2561 226 2626 mentia
247 2564 297 2625 tot
319 2583 417 2627 manu
438 2561 561 2646 positae
584 2561 713 2626 arbores
737 2561 978 2642 conualesount,
1009 2579 1072 2644 quo

110 2642 209 2708 oalore
228 2645 305 2711 solis
327 2648 376 2710 tot
390 2645 558 2730 depressae
573 2645 727 2710 imbribus
750 2649 875 2731 segetes
890 2649 1071 2730 resurgunt,

109 2731 183 2810 quot
208 2730 327 2815 ubique
354 2733 438 2796 muri
467 2731 522 2795 uix
548 2753 583 2796 re
607 2732 683 2797 ertis
710 2733 855 2796 ueterum
881 2729 1071 2794 fundamen-

109 2811 209 2906 torum
231 2815 378 2901 uestigiis
401 2754 604 2880 excitenturi
642 2815 734 2894 adeo,
758 2817 795 2878 ut
815 2835 866 2878 res
890 2817 953 2898 est,
976 2835 1072 2878 aurea
1085 2833 1111 2873 so

109 2894 162 2962 illa
188 2900 330 2985 saecula,
359 2922 440 2985 quae
470 2921 537 2964 non
565 2899 619 2964 diu
647 2899 806 2984 quondam
829 2897 968 2964 Saturno
996 2919 1072 2982 rege

109 3049 308 3065 --—-=—

175 3142 187 3188 l
207 3140 263 3190 nisi
280 3154 316 3189 w:
336 3139 391 3192 nisi
408 3140 433 3190 si
449 3142 478 3189 Ι
497 3136 507 3204 11
528 3141 543 3190 2
561 3139 665 3190 nostris
682 3153 720 3189 w:
738 3142 861 3189 nostrum
877 3139 905 3186 Ι
925 3135 935 3203 11
959 3141 1073 3190 binatim

109 3205 276 3258 restituenda
294 3207 360 3258 urbe
378 3205 388 3272 ΙΙ
411 3209 427 3258 6
446 3214 512 3258 tuno
530 3209 547 3258 G
566 3204 577 3274 11
598 3209 614 3259 8
633 3213 661 3258 et
678 3223 725 3260 om.
742 3204 802 3271 Wss
821 3209 851 3256 11
870 3205 921 3256 hae
938 3206 1072 3256 Bcvw:

110 3268 178 3323 hena
195 3275 219 3324 A
241 3273 252 3340 11
276 3277 308 3326 12
326 3279 408 3326 meliro
426 3277 481 3326 site
500 3275 557 3326 obs,
581 3273 591 3340 11
621 3278 654 3326 14
672 3275 778 3341 apertis
795 3277 903 3340 scripsi:
928 3275 1029 3339 opertis
1046 3274 1073 3322 11

23 3361 25 3364 ·
110 3345 205 3402 operta
222 3356 247 3390 w
263 3341 274 3408 1
292 3345 324 3396 15
342 3345 474 3395 existeret
491 3344 530 3403 Ι,
550 3341 683 3409 correxit!
702 3345 733 3394 16
751 3342 850 3394 insulis
868 3356 905 3393 w:
924 3341 1029 3394 insulas
1047 3342 1074 3390 H

23 3451 25 3460 .
110 3399 118 3468 t
146 3409 177 3459 19
195 3411 340 3474 superfuso
358 3411 431 3462 ΠΙ
450 3411 539 3464 Βενι..·
565 3412 678 3477 perfuso
696 3413 717 3460 Β
735 3411 792 3460 (JV
820 3409 830 3477 11
860 3413 894 3462 20
911 3406 1072 3475 poenarum]
1130 3399 1133 3416 ⁴

23 3497 24 3500 ¹
110 3475 272 3535 praedonum
290 3481 424 3530 Acidaliae
445 3481 596 3544 piratarum
613 3477 796 3544 Arntzeniusss
813 3483 845 3530 21
865 3479 963 3530 desunt
981 3480 998 3528 0
1014 3474 1025 3543 11
1041 3479 1076 3528 23

110 3538 245 3606 desiderat
262 3561 299 3609 w;
317 3548 353 3611 ef.
372 3547 457 3612 Neue,
477 3550 521 3598 lot.
539 3549 623 3599 Form.
642 3548 677 3598 ΙΙ
696 3551 746 3600 389
767 3543 778 3614 11
798 3549 831 3600 25
848 3548 957 3599 eufrate
974 3546 1001 3594 11

155 3632 241 3679 Penne.
255 3647 308 3680 nnn.
906 3635 921 3682 9
