2578 4000
193 205 255 270 146
438 224 440 226 ·
521 204 556 256 v.
586 201 734 255 mensur
752 203 834 255 usn.

191 359 278 441 runt,
300 355 356 422 sed
378 355 440 419 hoc
462 354 567 439 ipsum
591 357 623 418 et
644 353 680 418 iu
695 352 973 418 administratione
994 353 1162 437 prouiden-

192 441 257 506 tiae
279 444 405 506 uestrae
429 441 462 504 et
483 439 519 504 in
534 438 709 504 refectione
724 437 872 502 fortunae
894 437 1069 522 impensius
1092 459 1163 524 gra-

191 525 338 591 tulantur
363 524 446 611 quod
469 527 563 588 tanta
584 523 642 588 ssla
669 523 719 587 uis
745 523 894 588 nauticae
921 522 1108 600 rebellionis
1129 524 1164 588 in

193 611 341 696 uestigiis
377 610 458 674 suis-
472 607 630 674 ·conoidit.
683 611 778 756 atque
811 608 915 692 ipsam
947 607 1163 692 Britanniam,

167 714 275 781 aquae
297 696 405 761 sedem
419 697 487 758 tam
501 694 652 758 diutrrrno
675 713 727 758 sce
741 692 788 756 eri
803 693 1011 777 praebuisset,
1034 698 1165 758 constat

192 781 362 846 uictoriam
384 781 525 844 uestram
547 779 615 843 sola
637 777 686 842 sui
707 777 910 843 restitutione
933 777 1081 844 sensisse.

257 863 345 929 XIX.
389 863 506 929 Merito
531 864 542 927 i
570 863 632 927 'tur
659 863 769 927 statim
797 865 893 948 atque
921 863 961 926 ad
982 862 1060 927 litus
1084 862 1166 928 illud

194 951 363 1034 exoptatus
385 948 462 1013 olim
483 948 539 1014 uin
562 969 602 1013 ex
624 950 657 1011 et
672 947 827 1012 liberator
848 948 1028 1032 appuleras,
1051 947 1166 1014 obuius

193 1055 262 1099 sese
289 1032 449 1098 maiestati
469 1039 544 1097 tuae
565 1031 748 1116 triumphus
779 1031 891 1097 effudit
919 1032 1165 1117 exultantesque

155 1140 181 1180 ¹⁰
192 1117 809 1269 ritiiitnanrrnir
826 1205 864 1268 1
885 1117 1166 1269 ,terrarii

193 1253 419 1371 intuebantur,
447 1223 504 1352 sid
525 1286 622 1352 etiam
644 1223 737 1351 niuis
759 1286 861 1370 illius,
889 1308 970 1371 quae
991 1224 1093 1352 tuoni)
1105 1309 1165 1352 nu-

192 1395 268 1439 men
296 1373 481 1453 aduexerat,
510 1371 583 1437 uela
603 1371 803 1456 remigiaque
831 1377 1024 1436 uenerantes
1045 1373 1166 1456 parati·

194 1479 255 1542 que
276 1461 310 1523 te
331 1457 567 1543 ingredientem
589 1457 699 1522 stratis
721 1455 840 1522 sentire
863 1456 1061 1540 corporibus.
1104 1478 1166 1522 neo

155 1563 181 1604 rs
193 1543 311 1608 mirum
333 1543 361 1606 si
380 1545 474 1607 tanto
494 1541 612 1628 gaudio
633 1541 820 1606 ferebantur
840 1545 914 1626 post
934 1544 985 1606 tot
1006 1563 1183 1606 annorum-

194 1627 408 1696 misern'mam
445 1627 685 1712 captiuitatem,
722 1629 798 1711 post
828 1626 967 1692 uiolatas
1000 1627 1166 1712 coniuges,

217 1716 269 1778 ost
297 1712 469 1778 liberorum
497 1716 592 1796 turpe
619 1712 786 1776 seruitium
818 1710 949 1776 tandem
976 1711 1070 1776 liberi
1095 1717 1167 1776 tan-

112 1858 115 1862 .
193 1735 329 1882 demque
351 1797 503 1881 Romani,
524 1795 657 1862 tandem
678 1814 754 1860 uera
775 1795 902 1881 imperii
923 1797 995 1861 luce
1016 1797 1166 1862 recreati.

195 1882 351 1967 siquidem
366 1885 492 1965 praeter
511 1881 810 1979 illamelernentiae
830 1884 956 1946 uestrae
970 1881 1167 1980 pietatisque

156 1967 433 2136 ”innati
452 1987 624 2115 131111
640 1969 797 2114 trin
808 1965 1167 2136 tittitgitit

194 2139 316 2199 tutum:
353 2135 390 2198 in
410 2133 519 2199 fronte
540 2134 727 2218 grauitatis,
757 2135 792 2200 in
820 2134 921 2201 oculis
942 2135 1101 2220 lenitatis,
1130 2137 1167 2200 in
1276 2195 1277 2202 ,

194 2219 311 2283 rubore
333 2219 555 2303 uerecundiae,
575 2219 610 2283 in
633 2240 779 2284 sermone
802 2220 954 2286 iustitiae.
995 2241 1077 2306 quae
1100 2221 1167 2285 sin-
1276 2219 1277 2290 1

195 2304 273 2388 gula
291 2304 328 2368 ut
341 2307 561 2388 respectantes
576 2303 793 2389 aduerterent,
814 2305 956 2370 laetitiae
972 2305 1168 2370 clamoribus

156 2407 182 2449 25
195 2388 426 2454 concinebant:
448 2389 541 2454 uobis
563 2411 608 2472 se,
630 2390 724 2454 uobis
744 2390 862 2455 liberos
885 2412 969 2474 suos,
993 2391 1111 2456 uestris
1128 2391 1168 2454 li-

193 2474 279 2538 beris
301 2473 406 2538 omnis
428 2474 556 2558 generis
579 2474 628 2539 sui
648 2478 793 2559 posteros
816 2475 1027 2540 deuouebant.

258 2556 330 2624 XX.
379 2557 448 2623 Nos
470 2559 597 2643 quidem
620 2563 722 2644 certe,
750 2581 770 2624 ο
791 2561 937 2644 perpetui
958 2562 1111 2643 parentes
1134 2565 1168 2624 et

194 2642 317 2707 domini
351 2643 479 2728 generis
511 2643 662 2726 humani,
702 2644 762 2709 hoo
795 2666 815 2707 a
847 2645 897 2710 dis
928 2644 1167 2710 immortalibus

197 2728 286 2792 omni
320 2731 468 2792 uotorum
499 2729 740 2813 nuncupatione
774 2728 975 2813 deposcimus
1008 2733 1044 2794 ut
1070 2729 1168 2794 liberi

157 2831 184 2872 so
197 2817 394 2899 nepotesque
426 2813 530 2879 nostri
563 2816 595 2878 et
628 2813 721 2898 siqua
754 2815 902 2879 omnibus
936 2814 1070 2879 saeculis
1105 2817 1169 2878 erit

265 3006 279 3053 l
296 3011 357 3069 post
375 3003 615 3055 administratione
627 3005 654 3051 Η
666 3005 726 3054 cdd.
739 3003 793 3065 uel,
812 3006 861 3054 del.
874 3019 907 3065 w,
926 3021 973 3055 om.
987 3005 1063 3054 Bert.
1077 3001 1117 3071 12
1137 3005 1168 3054 in

195 3071 351 3123 relectione
367 3072 476 3135 scripsi:
494 3067 686 3122 infectione!
702 3072 732 3121 in
749 3070 872 3122 feliciore
884 3086 909 3120 w
928 3072 1108 3123 coniectione
1119 3073 1166 3124 la·-

195 3141 294 3189 nimina
307 3138 455 3189 effectione
468 3141 509 3189 uel
517 3139 696 3190 testinatione
706 3139 829 3190 Gruterus
844 3142 849 3201 1
865 3141 977 3191 fortuna
986 3139 1045 3188 AV
1056 3136 1067 3206 11
1079 3141 1097 3190 5
1109 3144 1168 3190 tam
1274 3167 1275 3206 3

195 3221 242 3256 om.
260 3207 294 3255 W
317 3203 327 3271 1
355 3207 371 3255 6
389 3209 513 3257 uestram
523 3214 583 3271 post
599 3207 788 3257 uictoriam'A
805 3208 838 3256 W
854 3208 940 3270 Bert,
964 3215 1024 3271 porr
1041 3209 1168 3258 sensisse

194 3273 215 3322 B
234 3276 251 3321 0
269 3272 293 3321 V
310 3281 407 3337 ponunt
421 3271 426 3338 Ι
441 3271 496 3340 sui]
515 3276 557 3325 tui
576 3274 710 3324 liniretur
726 3271 765 3339 19
783 3275 927 3326 maiestati
943 3277 996 3325 Wr'
1009 3275 1169 3326 maiestatis

194 3343 217 3390 Δ
234 3341 255 3390 B
273 3343 292 3390 0
309 3338 354 3409 Vll
368 3344 397 3391 11
418 3347 449 3392 ut
466 3339 625 3408 0111111117
645 3341 809 3406 tandemque
822 3369 855 3379 -
868 3346 900 3394 19
918 3343 1051 3408 siquidem
1069 3357 1117 3394 om.
1134 3343 1170 3391 w

197 3406 210 3474 11
242 3410 276 3460 20
298 3408 456 3461 celebratur
473 3410 509 3460 A:
538 3408 734 3460 celebrabatur
754 3410 810 3460 3⁸0
828 3412 850 3459 V
867 3412 900 3460 W
916 3411 991 3463 Bert.
1006 3408 1031 3477 ’1
1061 3413 1096 3462 24
1119 3410 1169 3461 ad·

194 3479 339 3530 uerterant
351 3477 395 3526 VI:
415 3477 587 3528 aduenerant
600 3476 676 3530 Bere.
695 3477 867 3530 adnoueraut
882 3481 905 3528 A
916 3481 936 3528 B
949 3480 971 3528 V
989 3483 1171 3530 annoueraut

195 3546 214 3593 (1
232 3559 331 3611 agnou.
345 3548 403 3596 edd.
425 3543 436 3610 1
457 3547 491 3594 26
509 3559 603 3596 omues
622 3557 659 3593 w:
677 3546 803 3598 omnibus
816 3549 844 3596 u
866 3545 876 3612 1
898 3550 931 3598 27
950 3552 1024 3598 certo
1043 3563 1058 3598 c
1077 3547 1105 3594 u
