2572 3990
434 209 594 260 TRAIANO
613 211 647 261 D.
671 213 781 262 45-47.
1048 209 1089 272 41

124 360 181 424 dus
209 361 247 422 ut
269 362 421 442 appareat
443 362 604 423 auctorem
627 359 842 442 displicuisse,
870 381 936 425 non
958 359 1089 426 factum.

123 445 208 508 idem
232 464 309 529 ergo
331 442 470 527 populus
493 443 556 521 ille,
587 444 760 529 aliquando
788 445 927 508 scaenici
954 445 1090 528 impera-

124 529 204 593 toris
240 531 401 612 spectator
434 531 467 592 et
493 528 674 612 applausor,
708 551 796 594 nunc
823 529 858 594 in
885 530 1091 612 pantomimis

124 635 248 698 quoque
271 615 438 678 auersatus
460 616 492 676 et
514 612 646 678 damnat
668 613 866 678 effeminatas
888 617 972 678 artes
988 618 1021 678 et
1043 615 1091 677 in·

125 701 238 762 decora
261 698 387 762 saeculo
410 698 527 762 studia.
565 721 605 762 ex
626 720 688 782 quo
711 696 918 762 manifestum
934 701 983 763 est
1004 699 1115 781 prin-5

125 783 232 866 cipum
261 782 465 865 disciplinam
493 804 606 867 capere
635 785 733 846 ctiam
756 784 881 868 uulgus,
912 805 984 847 cum
1011 805 1091 865 rem,

125 870 150 932 si
172 890 192 932 a
213 868 298 931 bono
321 866 388 950 fiat,
413 867 648 931 sanctissimam
670 867 807 932 fecerint
829 888 949 933 omnes.
988 872 1091 932 macte

124 951 183 1016 hac
206 951 375 1036 grauitatis
396 950 510 1036 gloria,
534 953 661 1035 Caesar,
692 974 755 1037 qua
777 955 965 1016 consecutus
994 974 1027 1016 cs
1056 956 1092 1016 ut

125 1035 208 1122 quod
230 1041 326 1100 antea
347 1037 396 1100 uis
420 1038 452 1099 et
472 1037 642 1120 imperium
665 1057 752 1102 nunc
773 1058 877 1101 mores
888 1040 1089 1102 uocarentur.

125 1121 364 1205 castigauerunt
391 1121 471 1184 uitia
497 1143 554 1184 sua
580 1122 643 1206 ipsi
665 1123 720 1206 qui
749 1123 827 1186 casti
852 1124 898 1186 ari
927 1122 1091 1186 mereban-
1105 1141 1129 1180 10

124 1209 186 1288 tur,
220 1205 367 1289 idemque
395 1206 614 1270 emendatores
643 1206 698 1291 qui
727 1143 918 1271 emendandi
950 1206 1089 1270 fuerunt.

123 1291 231 1374 itaque
259 1310 354 1354 nemo
377 1289 416 1354 de
438 1291 609 1355 seueritate
637 1294 694 1355 tua
715 1292 867 1375 queritur,
897 1294 929 1355 et
956 1291 1091 1354 liberum

125 1379 173 1439 est
195 1376 295 1458 queri.
334 1375 389 1438 sed
413 1396 485 1439 cum
506 1376 553 1439 ita
575 1380 791 1460 comparatum
819 1377 862 1440 sit
883 1380 919 1439 ut
941 1376 979 1440 ds
1001 1376 1090 1439 nullo

124 1461 231 1524 minus
265 1459 411 1543 principe
446 1465 620 1544 querantur
653 1461 799 1525 homines
833 1482 929 1543 quarn
963 1461 1001 1524 de
1029 1481 1091 1544 quo

125 1547 263 1608 maxime
285 1545 371 1626 licet,
393 1547 449 1608 tuo
471 1545 506 1607 in
528 1545 654 1610 saeculo
676 1545 758 1609 nihil
781 1547 914 1628 estque
937 1567 1004 1609 nou
1025 1560 1129 1608 orn-15

124 1651 165 1694 ne
187 1629 352 1692 hominum
374 1649 478 1712 genus
501 1629 636 1693 laetetur
658 1632 691 1692 et
719 1629 868 1712 gaudeat.
911 1629 990 1692 boni
1019 1651 1090 1712 pro·

125 1713 297 1797 uehuntur,
320 1713 405 1796 mali,
429 1713 484 1797 qui
507 1716 557 1776 est
578 1713 860 1796 tranquillissimus
888 1715 991 1776 status
1014 1713 1091 1776 ciui-

125 1799 211 1882 tatis,
235 1820 295 1863 nec
317 1798 433 1862 timent
460 1819 520 1862 nec
547 1798 712 1862 timentur.
756 1797 892 1861 mederis
920 1796 1090 1878 erroribus

127 1883 181 1947 sed
214 1882 475 1966 implorantibus,
514 1883 725 1965 omnibusque
758 1903 836 1966 quos
875 1882 979 1946 bonos
1011 1881 1091 1946 facis

125 1967 208 2032 hanc
231 1967 347 2032 astruis
369 1967 495 2032 laudem
518 1990 559 2031 ne
582 1967 724 2050 coegisse
745 1966 893 2031 uidearis.
1105 1985 1130 2024 20

181 2050 313 2116 XLVll.
330 2051 437 2127 Quid?
451 2052 562 2133 uitam,
576 2053 674 2137 quid?
691 2073 796 2117 mores
807 2051 983 2116 iuuentutis
996 2072 1092 2133 quam

125 2136 346 2220 principaliter
355 2136 490 2201 formas!
506 2158 599 2220 quem
612 2137 766 2202 honorem
778 2137 905 2202 dicendi
920 2135 1090 2220 magistris,

126 2235 221 2304 quam
243 2219 463 2304 dignationem
485 2223 662 2305 sapientiae
692 2222 874 2286 doctoribus
903 2221 1018 2285 habes!
1056 2225 1094 2284 ut

125 2308 183 2369 sub
205 2308 239 2369 te
262 2305 458 2388 spiritumet
479 2307 671 2391 sanguinem
688 2311 721 2371 et
742 2307 879 2390 patriam
901 2309 1092 2388 receperunt

126 2389 246 2454 studia!
285 2411 365 2474 quae
398 2391 542 2474 priorum
568 2393 749 2474 temporum
776 2391 958 2454 immanitas
987 2389 1091 2453 exiliis
1105 2407 1130 2448 aa

124 2476 288 2557 puniebat,
312 2495 384 2538 eum
407 2474 468 2540 sibi
490 2476 642 2540 uitiorum
664 2476 805 2540 omnium
833 2475 978 2539 conscius
1005 2473 1092 2556 prin·

126 2579 201 2643 ceps
222 2558 370 2624 inimicas
393 2560 481 2623 uitiis
505 2565 589 2625 artes
611 2582 678 2626 non
700 2561 773 2626 odio
802 2561 906 2644 magis
929 2581 1023 2643 quam
1044 2579 1092 2622 re·

124 2644 270 2708 uerentia
290 2645 461 2729 relegaret.
499 2650 533 2710 at
553 2649 589 2709 tu
612 2646 738 2709 easdem
761 2649 846 2710 artes
868 2647 903 2710 in
927 2643 1093 2728 complexu

126 2729 226 2793 oculis
260 2729 387 2793 auribus
421 2728 528 2794 habes.
579 2732 723 2814 praestas
758 2731 844 2793 enim
878 2749 1093 2813 quaecumque

125 2813 329 2896 praecipiunt
354 2816 543 2897 tantumque
572 2836 624 2878 eas
647 2813 754 2898 diligis
782 2817 938 2897 quantum
962 2813 1002 2875 ab
1028 2811 1130 2875 illisae

125 2898 280 2980 probaris.
319 2919 361 2961 an
383 2898 551 2981 quisquam
573 2897 679 2961 studia
699 2897 908 2960 humanitatis
931 2895 1093 2976 professus

125 3003 192 3046 non
208 3004 280 3047 cum
295 2983 404 3049 omnia
425 2987 482 3048 tua
503 2985 572 3046 tum
588 2982 640 3046 uel
662 2983 697 3045 in
711 2981 824 3064 primis
845 2980 994 3044 laudibus
1009 2979 1094 3044 ferat

127 3067 356 3132 admissionum
394 3071 523 3132 tuarum
560 3065 774 3132 facilitatem?
812 3086 932 3150 magno
966 3065 1093 3148 quidem

195 3275 209 3322 1
229 3281 304 3328 auct.
322 3289 378 3325 non
397 3273 477 3340 displ.
496 3273 602 3324 factum
619 3271 687 3338 0113
705 3271 819 3338 plausor
835 3273 868 3320 W
884 3269 894 3336 ΙΙ
911 3273 928 3321 4
947 3276 1093 3321 auersetur

126 3337 287 3392 Beroaldus:
301 3341 500 3394 aduersaturll
512 3340 522 3407 ΙΙ
536 3344 550 3394 t
564 3342 663 3392 abono
676 3357 737 3406 epo:
750 3341 785 3390 ab
798 3355 852 3390 uno
861 3341 889 3386 11
924 3339 1050 3389 fecerunt
1060 3340 1092 3386 W

128 3403 141 3471 11
161 3411 177 3458 9
193 3406 248 3474 uis]
267 3409 310 3459 ius
322 3411 345 3458 V
357 3407 367 3472 1
381 3412 413 3460 10
426 3411 562 3476 castigare
574 3412 601 3459 11
613 3407 624 3474 11
639 3411 669 3459 15
687 3414 735 3460 tuo
749 3423 777 3474 g:
795 3412 853 3458 tum
864 3409 891 3455 111
909 3405 913 3472 Ι
928 3409 959 3458 17
972 3409 1038 3471 quia
1050 3415 1093 3456 est

126 3475 175 3523 BV
187 3476 190 3541 1
204 3481 293 3528 status
304 3479 377 3530 om.B
389 3475 400 3542 11
413 3479 445 3528 18
457 3485 516 3541 post
525 3477 740 3542 timenturOusp.
753 3476 883 3527 uitiorum
893 3474 1093 3540 poenitentiam

130 3550 259 3607 expectas
277 3547 337 3596 add.
351 3543 361 3611 ΙΙ
375 3547 407 3596 19
425 3545 474 3597 sed
491 3546 696 3611 implorantium
708 3545 867 3596 Sctmaraiue
880 3540 890 3607 ΙΙ
902 3544 935 3593 25
954 3557 987 3591 ex
1005 3539 1091 3589 illisa
