2582 3992
257 291 262 294 -
291 211 523 262 CONSTANTIO
543 211 698 264 CAESARI
715 209 879 278 Iane-16.
924 167 926 172 ι
1009 209 1077 277 143

95 361 212 428 iniecit
238 362 348 446 ignes,
380 360 516 444 quinam
550 361 606 426 elii
637 362 702 426 nisi
731 361 908 427 diuinitatis
938 365 1069 428 ¹uestrae

94 446 241 511 monitus
263 445 485 529 impulerunt?
529 449 585 510 eut
606 467 688 528 quae
716 445 779 511 alia
804 447 888 510 ratio
909 447 1069 531 persuasit

94 531 224 596 nullum
246 530 440 614 praesidium
462 529 558 614 fugae
580 551 743 594 reseruere
764 551 825 596 neo
847 532 950 595 uereri
970 531 1068 596 dubia

94 615 257 680 bellorum
271 635 331 679 nec
346 614 496 696 Martem,
517 619 554 679 ut
568 615 694 699 dicitur,
712 617 826 700 putare
842 615 1066 692 communem?

94 700 163 764 nisi
184 699 270 784 quod
292 699 392 762 uestri
415 699 686 783 contemplatione
715 700 885 764 constabat
906 700 945 764 de
967 699 1094 764 uicto-s

94 785 147 850 ria
168 805 235 848 non
250 805 346 867 posse
367 782 536 848 dubitari?
556 805 622 848 non
644 784 693 848 illi
707 789 784 848 tunc
806 785 954 868 uulpures
971 785 1066 867 uires,
1137 861 1138 864 Ἴ

95 891 165 934 non
180 868 322 933 humana
336 867 462 952 robora,
487 868 543 933 sed
557 872 665 934 uestra
685 869 820 932 numina
836 870 1067 966 cogitauerunt.

95 953 265 1038 proposito
291 953 513 1037 qualicumque
534 954 656 1036 proelio
678 956 798 1018 certam
825 953 887 1017 sibr
909 953 1066 1037 spondere

94 1039 264 1103 fortunam
289 1059 356 1102 non
377 1040 446 1102 tam
474 1040 523 1102 est
544 1037 662 1102 fiducia
688 1038 826 1103 militum
849 1059 945 1122 quam
966 1037 1066 1103 felici·

94 1127 147 1189 tas
170 1123 411 1205 imperatorum.
456 1122 525 1206 ipse
552 1122 607 1187 ille
633 1127 739 1188 autem
767 1123 794 1187 si
818 1123 903 1188 niter
923 1121 1066 1187 nefariae
1080 1141 1109 1181 rc

94 1207 250 1274 factionis
279 1229 335 1272 eur
364 1207 405 1272 ab
433 1228 470 1272 eo
496 1207 590 1272 litore
617 1208 702 1291 quod
729 1145 861 1272 tenebat
888 1206 1067 1272 abscessit?
1146 1211 1148 1216 '

96 1314 155 1358 cur
171 1292 306 1358 classem
318 1295 508 1376 portumque
524 1290 688 1356 deseruit?
711 1292 776 1356 nisi
791 1293 875 1376 quod
890 1293 933 1374 te,
951 1289 1067 1356 Caesar

94 1377 236 1460 inuicte,
266 1376 355 1442 cuius
377 1378 580 1443 imminentia
606 1377 678 1441 uela
706 1378 930 1460 conspexerat,
959 1375 1067 1438 timuit

94 1465 164 1528 iam
186 1463 314 1545 iamque
336 1464 516 1526 uenturum.
559 1463 731 1544 utcumque
754 1482 825 1525 cum
847 1460 979 1524 <lucibus
1001 1459 1066 1524 tuis

94 1546 212 1612 maluit
227 1546 364 1630 experiri
379 1568 474 1630 quam
488 1567 640 1630 praesens
661 1545 839 1610 maiestatis
854 1548 928 1609 tuae
943 1544 1066 1610 fulmen
1080 1559 1108 1600 1⁶

95 1633 255 1714 excipere.
283 1631 413 1695 demens
435 1630 491 1715 qui
512 1630 686 1715 nesciebat,
710 1651 907 1713 quacumque
928 1629 1066 1714 ingeret,

93 1717 216 1801 ubique
236 1715 303 1780 uim
322 1719 448 1780 uestrae
464 1715 644 1780 diuinitatis
661 1736 740 1797 esse,
763 1713 817 1778 ubi
833 1713 940 1778 uultus
954 1713 1065 1793 uestri,

93 1801 153 1866 ubi
176 1801 204 1865 si
229 1823 271 1865 na
293 1800 496 1865 colerentur.'

160 1884 193 1950 X
225 1884 252 1948 I.
297 1885 343 1950 Te
369 1889 478 1950 tamen
505 1884 560 1948 ille
585 1885 717 1968 fugiens
743 1882 859 1948 incidit
882 1883 917 1946 in
939 1884 1066 1946 tuorum

93 1991 222 2052 manus,
249 1993 269 2034 a
290 1973 322 2034 te
344 1969 448 2034 uictus
471 1991 490 2032 a
510 1969 575 2033 tuis
598 1968 790 2048 exercitibus
812 1988 983 2052 oppressus
1006 1969 1064 2031 est.
1079 1986 1108 2026 co

95 2055 236 2137 denique
259 2054 337 2120 adeo
359 2054 502 2138 trepidus
526 2056 558 2117 et
579 2057 611 2118 te
633 2056 708 2138 post
726 2057 816 2138 terga
837 2051 1012 2136 respiciens
1035 2052 1068 2115 et

93 2142 132 2206 in
160 2139 290 2204 modum
318 2139 456 2204 amentis
484 2138 641 2204 attonitus
663 2138 848 2222 properauit
869 2137 909 2201 sd
930 2139 1067 2201 mortem

93 2228 134 2289 ut
153 2243 217 2288 neo
239 2223 407 2307 explicarit
428 2223 529 2288 aciem
557 2244 617 2288 nec
640 2245 751 2288 omnes
775 2221 881 2306 copias
902 2241 982 2306 quas
1004 2224 1068 2285 tra-

93 2309 197 2374 hebat
217 2308 420 2388 instruxerit,
453 2307 507 2371 sed
531 2328 603 2370 oum
625 2308 787 2372 ueteribus
809 2307 895 2391 illius
924 2305 1068 2370 coniura-

93 2393 198 2458 tionis
220 2392 403 2458 auctoribus
426 2394 459 2455 et
479 2393 709 2456 mercennariis
732 2391 840 2456 cuneis
855 2389 1067 2456 barbarorum
1080 2409 1106 2449 2⁵

93 2477 182 2544 tenti
205 2481 376 2561 apparatus
398 2476 517 2541 oblitus
539 2476 675 2542 irruerit.
706 2471 794 2559 adeo}
819 2475 946 2558 Caesar,
968 2473 1068 2538 etiam

93 2563 160 2628 hoc
182 2561 378 2645 reipublicae
399 2560 513 2625 tribuit
534 2563 642 2626 uestra
663 2561 801 2626 felicitas
823 2563 861 2624 ut
881 2579 977 2624 nemo
1000 2558 1067 2622 iere

94 2647 262 2712 Romanus
282 2646 435 2711 occiderit
453 2646 589 2730 imperio
609 2646 759 2711 uincente
774 2645 932 2712 Romano.
955 2664 1067 2708 omnes

95 2732 185 2797 enim
207 2731 296 2815 illos,
325 2733 362 2794 ut
384 2731 494 2814 audio,
524 2751 653 2814 campos
676 2734 772 2876 atpue
796 2729 893 2794 colles
914 2749 981 2792 non
1002 2727 1068 2790 nisi

92 2817 356 2881 taeterrimorum
382 2815 523 2879 hostium
552 2835 686 2898 corpora
727 2835 785 2878 usa
806 2815 967 2878 texerunt.
1011 2811 1068 2873 illa
1081 2827 1109 2870 eo

92 2900 237 2966 barbara
265 2904 321 2964 aut
351 2900 531 2965 imitatione
556 2898 722 2962 barbariae
750 2898 827 2962 olim
855 2897 943 2960 cultu
968 2895 1068 2959 uestis

93 2989 129 3051 et
156 2985 282 3069 prolixo
318 2985 405 3050 crine
440 2983 623 3063 rutilantia,
661 2987 739 3047 tuno
771 3002 847 3046 uero
876 2978 1008 3064 puluere
1037 2980 1069 3042 et

165 3278 182 3326 2
200 3275 370 3342 impulerunt
387 3276 464 3326 AW:
483 3274 631 3341 implerunt
648 3273 734 3324 rev
751 3270 761 3338 ΙΙ
778 3273 793 3322 6
812 3270 944 3338 uulgares
963 3270 1070 3320 addidi:

92 3361 143 3396 om.
163 3345 190 3393 Π
213 3342 224 3409 ΙΙ
253 3347 267 3395 7
285 3340 420 3410 bumana]
438 3344 562 3396 Romana
580 3344 638 3393 edd.
662 3338 673 3406 ll
698 3342 729 3391 12
749 3340 870 3406 ¹clessum
887 3341 910 3388 Δ
933 3336 944 3404 ΙΙ
968 3338 1000 3388 15
1018 3336 1069 3386 flu·

91 3413 189 3463 mene
206 3409 217 3477 ΙΙ
237 3411 269 3463 16
288 3412 432 3478 fugeretA
444 3413 461 3460 0
473 3411 565 3464 Bere:
583 3410 697 3476 fugerat
712 3409 806 3458 BVW
824 3405 834 3474 [1
852 3409 883 3458 17
901 3423 935 3458 cn
953 3405 993 3456 ibi
1010 3405 1069 3456 uul-

92 3485 143 3532 tus
161 3483 272 3532 uestros
289 3479 338 3531 ubi
357 3481 456 3544 signa?
485 3475 496 3545 Η
524 3481 559 3528 24
577 3477 653 3530 illiue
672 3479 747 3528 edu:
772 3474 829 3527 illis
847 3476 874 3523 Μ
891 3475 966 3526 Bert.
996 3470 1006 3538 ΙΙ
1035 3473 1069 3522 26

91 3549 150 3600 hoc
169 3547 250 3598 ctiam
270 3549 286 3598 0
310 3545 321 3612 ΙΙ
345 3550 377 3600 30
395 3547 435 3597 ite
453 3545 502 3596 illa
519 3547 598 3598 barb.
616 3545 691 3597 Bere.
715 3542 725 3609 ΙΙ
749 3547 780 3598 31
800 3543 877 3596 culta
895 3558 912 3610 ς
