<?xml version="1.0" encoding="UTF-8"?>
<!DOCTYPE html PUBLIC "-//W3C//DTD XHTML 1.0 Transitional//EN"
    "http://www.w3.org/TR/xhtml1/DTD/xhtml1-transitional.dtd">
<html xmlns="http://www.w3.org/1999/xhtml" xml:lang="en" lang="en">
 <head>
  <title>
</title>
<meta http-equiv="Content-Type" content="text/html;charset=utf-8" />
  <meta name='ocr-system' content='tesseract 3.04.00' />
  <meta name='ocr-capabilities' content='ocr_page ocr_carea ocr_par ocr_line ocrx_word'/>
</head>
<body>
  <div class='ocr_page' id='page_1' title='image "./xiipanegyricila02baehgoog_0037.png"; bbox 0 0 2572 3990; ppageno 0'>
   <div class='ocr_carea' id='block_1_1' title="bbox 432 183 1068 248">
    <p class='ocr_par' dir='ltr' id='par_1_1' title="bbox 432 183 1068 248">
     <span class='ocr_line' id='line_1_1' title="bbox 432 183 1068 248; baseline 0 -13"><span class='ocrx_word' id='word_1_1' title='bbox 432 184 594 238; x_wconf 81' lang='lat' dir='ltr'><strong>ranmuo</strong></span> <span class='ocrx_word' id='word_1_2' title='bbox 613 183 647 236; x_wconf 87' lang='lat' dir='ltr'><strong>o.</strong></span> <span class='ocrx_word' id='word_1_3' title='bbox 663 187 739 236; x_wconf 73' lang='lat' dir='ltr'><strong>4-s‚</strong></span> <span class='ocrx_word' id='word_1_4' title='bbox 1047 184 1068 248; x_wconf 82' lang='lat'>5</span> 
     </span>
    </p>
   </div>
   <div class='ocr_carea' id='block_1_2' title="bbox 98 333 1150 2449">
    <p class='ocr_par' dir='ltr' id='par_1_2' title="bbox 99 333 1068 503">
     <span class='ocr_line' id='line_1_2' title="bbox 99 333 1068 420; baseline -0.002 -20"><span class='ocrx_word' id='word_1_5' title='bbox 99 335 283 420; x_wconf 71' lang='lat' dir='ltr'><strong>insignibus</strong></span> <span class='ocrx_word' id='word_1_6' title='bbox 298 334 337 398; x_wconf 93' lang='lat' dir='ltr'><strong>ad</strong></span> <span class='ocrx_word' id='word_1_7' title='bbox 361 333 541 418; x_wconf 87' lang='lat' dir='ltr'><strong>augendam</strong></span> <span class='ocrx_word' id='word_1_8' title='bbox 556 334 755 398; x_wconf 88' lang='lat' dir='ltr'><strong>maiestatem</strong></span> <span class='ocrx_word' id='word_1_9' title='bbox 771 339 885 398; x_wconf 87' lang='lat' dir='ltr'><strong>ornata</strong></span> <span class='ocrx_word' id='word_1_10' title='bbox 900 335 1068 420; x_wconf 85' lang='lat' dir='ltr'><strong>caesaries,</strong></span> 
     </span>
     <span class='ocr_line' id='line_1_3' title="bbox 101 417 890 503; baseline -0.004 -18"><span class='ocrx_word' id='word_1_11' title='bbox 101 442 210 485; x_wconf 91' lang='lat' dir='ltr'><strong>nonne</strong></span> <span class='ocrx_word' id='word_1_12' title='bbox 231 418 331 503; x_wconf 91' lang='lat' dir='ltr'><strong>longe</strong></span> <span class='ocrx_word' id='word_1_13' title='bbox 352 417 480 502; x_wconf 92' lang='lat' dir='ltr'><strong>lateque</strong></span> <span class='ocrx_word' id='word_1_14' title='bbox 502 419 679 502; x_wconf 88' lang='lat' dir='ltr'><strong>principem</strong></span> <span class='ocrx_word' id='word_1_15' title='bbox 702 419 890 483; x_wconf 80' lang='lat' dir='ltr'><strong>ostentant?</strong></span> 
     </span>
    </p>

    <p class='ocr_par' dir='ltr' id='par_1_3' title="bbox 98 502 1150 2449">
     <span class='ocr_line' id='line_1_4' title="bbox 130 502 1069 586; baseline 0.004 -23"><span class='ocrx_word' id='word_1_16' title='bbox 130 555 133 563; x_wconf 19' lang='grc' dir='ltr'><strong>Δ</strong></span> <span class='ocrx_word' id='word_1_17' title='bbox 162 503 204 572; x_wconf 90' lang='lat' dir='ltr'><strong>V.</strong></span> <span class='ocrx_word' id='word_1_18' title='bbox 228 503 339 568; x_wconf 86' lang='lat' dir='ltr'><strong>Talem</strong></span> <span class='ocrx_word' id='word_1_19' title='bbox 355 523 423 568; x_wconf 90' lang='lat' dir='ltr'><strong>esse</strong></span> <span class='ocrx_word' id='word_1_20' title='bbox 439 503 581 586; x_wconf 85' lang='lat' dir='ltr'><strong>oportuit</strong></span> <span class='ocrx_word' id='word_1_21' title='bbox 595 523 690 585; x_wconf 90' lang='lat' dir='ltr'><strong>quern</strong></span> <span class='ocrx_word' id='word_1_22' title='bbox 703 524 770 566; x_wconf 91' lang='lat' dir='ltr'><strong>non</strong></span> <span class='ocrx_word' id='word_1_23' title='bbox 788 502 870 567; x_wconf 87' lang='lat' dir='ltr'><strong>bella</strong></span> <span class='ocrx_word' id='word_1_24' title='bbox 886 503 995 568; x_wconf 90' lang='lat' dir='ltr'><strong>ciuilia</strong></span> <span class='ocrx_word' id='word_1_25' title='bbox 1009 523 1069 567; x_wconf 89' lang='lat' dir='ltr'><strong>nec</strong></span> 
     </span>
     <span class='ocr_line' id='line_1_5' title="bbox 99 586 1070 672; baseline -0.004 -18"><span class='ocrx_word' id='word_1_26' title='bbox 99 590 197 654; x_wconf 89' lang='lat' dir='ltr'><strong>armis</strong></span> <span class='ocrx_word' id='word_1_27' title='bbox 226 608 380 672; x_wconf 88' lang='lat' dir='ltr'><strong>oppressa</strong></span> <span class='ocrx_word' id='word_1_28' title='bbox 407 608 457 651; x_wconf 91' lang='lat' dir='ltr'><strong>res</strong></span> <span class='ocrx_word' id='word_1_29' title='bbox 483 586 614 671; x_wconf 89' lang='lat' dir='ltr'><strong>publica</strong></span> <span class='ocrx_word' id='word_1_30' title='bbox 642 586 698 651; x_wconf 91' lang='lat' dir='ltr'><strong>sed</strong></span> <span class='ocrx_word' id='word_1_31' title='bbox 723 608 787 671; x_wconf 80' lang='lat' dir='ltr'><strong>pax</strong></span> <span class='ocrx_word' id='word_1_32' title='bbox 815 590 848 651; x_wconf 93' lang='lat' dir='ltr'><strong>et</strong></span> <span class='ocrx_word' id='word_1_33' title='bbox 881 588 1009 672; x_wconf 75' lang='lat' dir='ltr'><strong>adoptio</strong></span> <span class='ocrx_word' id='word_1_34' title='bbox 1038 593 1070 652; x_wconf 91' lang='lat' dir='ltr'><strong>et</strong></span> 
     </span>
     <span class='ocr_line' id='line_1_6' title="bbox 100 670 1096 738; baseline -0.002 0"><span class='ocrx_word' id='word_1_35' title='bbox 100 673 233 738; x_wconf 86' lang='lat' dir='ltr'><strong>tandem</strong></span> <span class='ocrx_word' id='word_1_36' title='bbox 256 675 387 736; x_wconf 83' lang='lat' dir='ltr'><strong>exorata</strong></span> <span class='ocrx_word' id='word_1_37' title='bbox 409 671 503 735; x_wconf 87' lang='lat' dir='ltr'><strong>terris</strong></span> <span class='ocrx_word' id='word_1_38' title='bbox 525 671 659 736; x_wconf 88' lang='lat' dir='ltr'><strong>numina</strong></span> <span class='ocrx_word' id='word_1_39' title='bbox 674 670 846 736; x_wconf 87' lang='lat' dir='ltr'><strong>dedissent.</strong></span> <span class='ocrx_word' id='word_1_40' title='bbox 870 694 914 735; x_wconf 88' lang='lat' dir='ltr'><strong>an</strong></span> <span class='ocrx_word' id='word_1_41' title='bbox 929 673 979 736; x_wconf 89' lang='lat' dir='ltr'><strong>fas</strong></span> <span class='ocrx_word' id='word_1_42' title='bbox 1000 676 1096 736; x_wconf 72' lang='lat' dir='ltr'><strong>erata</strong></span> 
     </span>
     <span class='ocr_line' id='line_1_7' title="bbox 98 755 1071 840; baseline -0.002 -18"><span class='ocrx_word' id='word_1_43' title='bbox 98 757 181 822; x_wconf 90' lang='lat' dir='ltr'><strong>nihil</strong></span> <span class='ocrx_word' id='word_1_44' title='bbox 215 757 343 821; x_wconf 88' lang='lat' dir='ltr'><strong>differre</strong></span> <span class='ocrx_word' id='word_1_45' title='bbox 376 757 462 819; x_wconf 88' lang='lat' dir='ltr'><strong>inter</strong></span> <span class='ocrx_word' id='word_1_46' title='bbox 488 755 712 840; x_wconf 71' lang='lat' dir='ltr'><strong>imperatorem</strong></span> <span class='ocrx_word' id='word_1_47' title='bbox 739 778 834 840; x_wconf 87' lang='lat' dir='ltr'><strong>quem</strong></span> <span class='ocrx_word' id='word_1_48' title='bbox 862 757 1007 820; x_wconf 88' lang='lat' dir='ltr'><strong>homines</strong></span> <span class='ocrx_word' id='word_1_49' title='bbox 1039 760 1071 820; x_wconf 93' lang='lat' dir='ltr'><strong>et</strong></span> 
     </span>
     <span class='ocr_line' id='line_1_8' title="bbox 100 839 1071 926; baseline -0.003 -20"><span class='ocrx_word' id='word_1_50' title='bbox 100 864 196 926; x_wconf 91' lang='lat' dir='ltr'><strong>quem</strong></span> <span class='ocrx_word' id='word_1_51' title='bbox 226 841 258 906; x_wconf 90' lang='lat' dir='ltr'><strong>di</strong></span> <span class='ocrx_word' id='word_1_52' title='bbox 285 840 464 906; x_wconf 80' lang='lat' dir='ltr'><strong>fecissent?</strong></span> <span class='ocrx_word' id='word_1_53' title='bbox 498 862 633 924; x_wconf 87' lang='lat' dir='ltr'><strong>quorum</strong></span> <span class='ocrx_word' id='word_1_54' title='bbox 661 840 789 924; x_wconf 89' lang='lat' dir='ltr'><strong>quidem</strong></span> <span class='ocrx_word' id='word_1_55' title='bbox 817 841 851 905; x_wconf 93' lang='lat' dir='ltr'><strong>in</strong></span> <span class='ocrx_word' id='word_1_56' title='bbox 879 845 922 925; x_wconf 86' lang='lat' dir='ltr'><strong>te,</strong></span> <span class='ocrx_word' id='word_1_57' title='bbox 950 839 1071 906; x_wconf 79' lang='lat' dir='ltr'><strong>Caesar</strong></span> 
     </span>
     <span class='ocr_line' id='line_1_9' title="bbox 100 924 1071 1012; baseline -0.001 -22"><span class='ocrx_word' id='word_1_58' title='bbox 100 929 258 1012; x_wconf 89' lang='lat' dir='ltr'><strong>Auguste,</strong></span> <span class='ocrx_word' id='word_1_59' title='bbox 299 925 439 990; x_wconf 90' lang='lat' dir='ltr'><strong>studium</strong></span> <span class='ocrx_word' id='word_1_60' title='bbox 475 928 507 989; x_wconf 93' lang='grc' dir='ltr'><strong>εὴ</strong></span> <span class='ocrx_word' id='word_1_61' title='bbox 540 924 634 989; x_wconf 89' lang='lat' dir='ltr'><strong>fauor</strong></span> <span class='ocrx_word' id='word_1_62' title='bbox 668 930 746 991; x_wconf 91' lang='lat' dir='ltr'><strong>tunc</strong></span> <span class='ocrx_word' id='word_1_63' title='bbox 775 927 894 1007; x_wconf 88' lang='lat' dir='ltr'><strong>statim,</strong></span> <span class='ocrx_word' id='word_1_64' title='bbox 932 947 1003 990; x_wconf 90' lang='lat' dir='ltr'><strong>cum</strong></span> <span class='ocrx_word' id='word_1_65' title='bbox 1031 925 1071 989; x_wconf 88' lang='lat' dir='ltr'><strong>ad</strong></span> 
     </span>
     <span class='ocr_line' id='line_1_10' title="bbox 101 1009 1070 1094; baseline -0.004 -19"><span class='ocrx_word' id='word_1_66' title='bbox 101 1011 276 1076; x_wconf 85' lang='lat' dir='ltr'><strong>exercitum</strong></span> <span class='ocrx_word' id='word_1_67' title='bbox 298 1009 554 1094; x_wconf 88' lang='lat' dir='ltr'><strong>proficiscereris,</strong></span> <span class='ocrx_word' id='word_1_68' title='bbox 577 1010 758 1094; x_wconf 89' lang='lat' dir='ltr'><strong>etquidem</strong></span> <span class='ocrx_word' id='word_1_69' title='bbox 786 1011 943 1075; x_wconf 87' lang='lat' dir='ltr'><strong>inusitato</strong></span> <span class='ocrx_word' id='word_1_70' title='bbox 965 1009 1070 1074; x_wconf 90' lang='lat' dir='ltr'><strong>omine</strong></span> 
     </span>
     <span class='ocr_line' id='line_1_11' title="bbox 99 1094 1109 1179; baseline -0.003 -19"><span class='ocrx_word' id='word_1_71' title='bbox 99 1095 218 1160; x_wconf 90' lang='lat' dir='ltr'><strong>notuit.</strong></span> <span class='ocrx_word' id='word_1_72' title='bbox 242 1094 246 1102; x_wconf 83' lang='lat'>&#39;</span> <span class='ocrx_word' id='word_1_73' title='bbox 268 1116 345 1158; x_wconf 92' lang='lat' dir='ltr'><strong>nam</strong></span> <span class='ocrx_word' id='word_1_74' title='bbox 385 1098 507 1159; x_wconf 89' lang='lat' dir='ltr'><strong>ceteros</strong></span> <span class='ocrx_word' id='word_1_75' title='bbox 543 1095 705 1178; x_wconf 89' lang='lat' dir='ltr'><strong>principes</strong></span> <span class='ocrx_word' id='word_1_76' title='bbox 738 1097 794 1158; x_wconf 85' lang='lat' dir='ltr'><strong>aut</strong></span> <span class='ocrx_word' id='word_1_77' title='bbox 831 1096 954 1179; x_wconf 88' lang='lat' dir='ltr'><strong>largus</strong></span> <span class='ocrx_word' id='word_1_78' title='bbox 979 1115 1071 1159; x_wconf 91' lang='lat' dir='ltr'><strong>cruor</strong></span> <span class='ocrx_word' id='word_1_79' title='bbox 1084 1113 1109 1151; x_wconf 89' lang='lat'><strong>10</strong></span> 
     </span>
     <span class='ocr_line' id='line_1_12' title="bbox 100 1179 1070 1245; baseline -0.002 -1"><span class='ocrx_word' id='word_1_80' title='bbox 100 1179 279 1245; x_wconf 87' lang='lat' dir='ltr'><strong>hostiarum</strong></span> <span class='ocrx_word' id='word_1_81' title='bbox 302 1183 357 1243; x_wconf 90' lang='lat' dir='ltr'><strong>aut</strong></span> <span class='ocrx_word' id='word_1_82' title='bbox 378 1179 510 1243; x_wconf 74' lang='lat' dir='ltr'><strong>sinister</strong></span> <span class='ocrx_word' id='word_1_83' title='bbox 536 1179 666 1243; x_wconf 91' lang='lat' dir='ltr'><strong>uolatus</strong></span> <span class='ocrx_word' id='word_1_84' title='bbox 695 1179 803 1244; x_wconf 88' lang='lat' dir='ltr'><strong>auium</strong></span> <span class='ocrx_word' id='word_1_85' title='bbox 831 1179 1070 1244; x_wconf 85' lang='lat' dir='ltr'><strong>consulentibus</strong></span> 
     </span>
     <span class='ocr_line' id='line_1_13' title="bbox 101 1263 1150 1348; baseline -0.002 -20"><span class='ocrx_word' id='word_1_86' title='bbox 101 1263 274 1342; x_wconf 86' lang='lat' dir='ltr'><strong>nuntiauit,</strong></span> <span class='ocrx_word' id='word_1_87' title='bbox 297 1263 357 1328; x_wconf 90' lang='lat' dir='ltr'><strong>tibi</strong></span> <span class='ocrx_word' id='word_1_88' title='bbox 379 1263 567 1328; x_wconf 79' lang='lat' dir='ltr'><strong>ascendenti</strong></span> <span class='ocrx_word' id='word_1_89' title='bbox 590 1263 628 1326; x_wconf 92' lang='lat' dir='ltr'><strong>de</strong></span> <span class='ocrx_word' id='word_1_90' title='bbox 650 1285 737 1327; x_wconf 90' lang='lat' dir='ltr'><strong>more</strong></span> <span class='ocrx_word' id='word_1_91' title='bbox 753 1263 947 1348; x_wconf 79' lang='lat' dir='ltr'><strong>Capitolium</strong></span> <span class='ocrx_word' id='word_1_92' title='bbox 962 1285 1070 1347; x_wconf 91' lang='lat' dir='ltr'><strong>quam·</strong></span> <span class='ocrx_word' id='word_1_93' title='bbox 1147 1295 1150 1302; x_wconf 63' lang='lat'><em>=</em></span> 
     </span>
     <span class='ocr_line' id='line_1_14' title="bbox 102 1347 1070 1445; baseline -0.001 -33"><span class='ocrx_word' id='word_1_94' title='bbox 102 1371 198 1434; x_wconf 88' lang='lat' dir='ltr'><strong>quarn</strong></span> <span class='ocrx_word' id='word_1_95' title='bbox 220 1370 288 1412; x_wconf 92' lang='lat' dir='ltr'><strong>non</strong></span> <span class='ocrx_word' id='word_1_96' title='bbox 309 1347 343 1412; x_wconf 91' lang='lat' dir='ltr'><strong>id</strong></span> <span class='ocrx_word' id='word_1_97' title='bbox 364 1348 531 1445; x_wconf 83' lang='lat' dir='ltr'><strong>agentium</strong></span> <span class='ocrx_word' id='word_1_98' title='bbox 554 1348 673 1412; x_wconf 88' lang='lat' dir='ltr'><strong>ciuium</strong></span> <span class='ocrx_word' id='word_1_99' title='bbox 696 1348 815 1412; x_wconf 90' lang='lat' dir='ltr'><strong>clamor</strong></span> <span class='ocrx_word' id='word_1_100' title='bbox 836 1352 872 1412; x_wconf 92' lang='lat' dir='ltr'><strong>ut</strong></span> <span class='ocrx_word' id='word_1_101' title='bbox 897 1348 962 1412; x_wconf 88' lang='lat' dir='ltr'><strong>iam</strong></span> <span class='ocrx_word' id='word_1_102' title='bbox 983 1349 1070 1431; x_wconf 91' lang='lat' dir='ltr'><strong>prin-</strong></span> 
     </span>
     <span class='ocr_line' id='line_1_15' title="bbox 102 1432 1071 1517; baseline -0.002 -19"><span class='ocrx_word' id='word_1_103' title='bbox 102 1434 166 1517; x_wconf 89' lang='lat' dir='ltr'><strong>cipi</strong></span> <span class='ocrx_word' id='word_1_104' title='bbox 189 1433 344 1517; x_wconf 83' lang='lat' dir='ltr'><strong>occurrit3</strong></span> <span class='ocrx_word' id='word_1_105' title='bbox 374 1432 531 1517; x_wconf 81' lang='lat' dir='ltr'><strong>siquidem</strong></span> <span class='ocrx_word' id='word_1_106' title='bbox 553 1433 657 1496; x_wconf 90' lang='lat' dir='ltr'><strong>omnis</strong></span> <span class='ocrx_word' id='word_1_107' title='bbox 685 1432 778 1496; x_wconf 88' lang='lat' dir='ltr'><strong>turba</strong></span> <span class='ocrx_word' id='word_1_108' title='bbox 800 1454 881 1516; x_wconf 89' lang='lat' dir='ltr'><strong>quae</strong></span> <span class='ocrx_word' id='word_1_109' title='bbox 903 1433 1003 1497; x_wconf 90' lang='lat' dir='ltr'><strong>limen</strong></span> <span class='ocrx_word' id='word_1_110' title='bbox 1022 1432 1071 1496; x_wconf 93' lang='lat' dir='ltr'><strong>in-</strong></span> 
     </span>
     <span class='ocr_line' id='line_1_16' title="bbox 102 1516 1109 1603; baseline -0.002 -21"><span class='ocrx_word' id='word_1_111' title='bbox 102 1518 229 1582; x_wconf 86' lang='lat' dir='ltr'><strong>sederat</strong></span> <span class='ocrx_word' id='word_1_112' title='bbox 251 1518 292 1581; x_wconf 88' lang='lat' dir='ltr'><strong>ad</strong></span> <span class='ocrx_word' id='word_1_113' title='bbox 312 1519 494 1603; x_wconf 89' lang='lat' dir='ltr'><strong>ingressum</strong></span> <span class='ocrx_word' id='word_1_114' title='bbox 516 1519 608 1581; x_wconf 90' lang='lat' dir='ltr'><strong>tuum</strong></span> <span class='ocrx_word' id='word_1_115' title='bbox 629 1517 752 1581; x_wconf 84' lang='lat' dir='ltr'><strong>foribus</strong></span> <span class='ocrx_word' id='word_1_116' title='bbox 774 1516 906 1581; x_wconf 85' lang='lat' dir='ltr'><strong>reclusis</strong></span> <span class='ocrx_word' id='word_1_117' title='bbox 929 1517 986 1580; x_wconf 86' lang='lat' dir='ltr'><strong>illa</strong></span> <span class='ocrx_word' id='word_1_118' title='bbox 1002 1517 1109 1600; x_wconf 80' lang='lat' dir='ltr'><strong>qui-15</strong></span> 
     </span>
     <span class='ocr_line' id='line_1_17' title="bbox 102 1601 1072 1685; baseline -0.002 -19"><span class='ocrx_word' id='word_1_119' title='bbox 102 1603 184 1685; x_wconf 89' lang='lat' dir='ltr'><strong>dem,</strong></span> <span class='ocrx_word' id='word_1_120' title='bbox 206 1605 243 1664; x_wconf 90' lang='lat' dir='ltr'><strong>ut</strong></span> <span class='ocrx_word' id='word_1_121' title='bbox 265 1605 342 1666; x_wconf 88' lang='lat' dir='ltr'><strong>tunc</strong></span> <span class='ocrx_word' id='word_1_122' title='bbox 358 1601 585 1684; x_wconf 78' lang='lat' dir='ltr'><strong>arbitrabatur,</strong></span> <span class='ocrx_word' id='word_1_123' title='bbox 608 1602 710 1679; x_wconf 86' lang='lat' dir='ltr'><strong>deum,</strong></span> <span class='ocrx_word' id='word_1_124' title='bbox 736 1605 887 1683; x_wconf 84' lang='lat' dir='ltr'><strong>ceterum,</strong></span> <span class='ocrx_word' id='word_1_125' title='bbox 911 1604 948 1664; x_wconf 85' lang='lat' dir='ltr'><strong>ut</strong></span> <span class='ocrx_word' id='word_1_126' title='bbox 962 1601 1072 1664; x_wconf 91' lang='lat' dir='ltr'><strong>docuit</strong></span> 
     </span>
     <span class='ocr_line' id='line_1_18' title="bbox 104 1685 1071 1770; baseline -0.002 -20"><span class='ocrx_word' id='word_1_127' title='bbox 104 1688 250 1770; x_wconf 84' lang='lat' dir='ltr'><strong>euentus,</strong></span> <span class='ocrx_word' id='word_1_128' title='bbox 279 1688 311 1750; x_wconf 87' lang='lat' dir='ltr'><strong>te</strong></span> <span class='ocrx_word' id='word_1_129' title='bbox 339 1686 553 1751; x_wconf 85' lang='lat' dir='ltr'><strong>consalutauit</strong></span> <span class='ocrx_word' id='word_1_130' title='bbox 578 1686 812 1768; x_wconf 84' lang='lat' dir='ltr'><strong>imperatorem.</strong></span> <span class='ocrx_word' id='word_1_131' title='bbox 848 1706 908 1749; x_wconf 91' lang='lat' dir='ltr'><strong>nec</strong></span> <span class='ocrx_word' id='word_1_132' title='bbox 936 1685 1030 1749; x_wconf 91' lang='lat' dir='ltr'><strong>aliter</strong></span> <span class='ocrx_word' id='word_1_133' title='bbox 1052 1709 1071 1748; x_wconf 90' lang='lat' dir='ltr'><strong>a</strong></span> 
     </span>
     <span class='ocr_line' id='line_1_19' title="bbox 103 1767 1069 1855; baseline -0.004 -19"><span class='ocrx_word' id='word_1_134' title='bbox 103 1767 227 1836; x_wconf 82' lang='lat' dir='ltr'><strong>cunctis</strong></span> <span class='ocrx_word' id='word_1_135' title='bbox 261 1791 356 1836; x_wconf 92' lang='lat' dir='ltr'><strong>omen</strong></span> <span class='ocrx_word' id='word_1_136' title='bbox 384 1773 553 1855; x_wconf 89' lang='lat' dir='ltr'><strong>acceptum</strong></span> <span class='ocrx_word' id='word_1_137' title='bbox 587 1774 645 1834; x_wconf 87' lang='lat' dir='ltr'><strong>est.</strong></span> <span class='ocrx_word' id='word_1_138' title='bbox 681 1791 757 1833; x_wconf 89' lang='lat' dir='ltr'><strong>nam</strong></span> <span class='ocrx_word' id='word_1_139' title='bbox 784 1770 853 1853; x_wconf 90' lang='lat' dir='ltr'><strong>ipse</strong></span> <span class='ocrx_word' id='word_1_140' title='bbox 882 1768 1069 1852; x_wconf 84' lang='lat' dir='ltr'><strong>intellegere</strong></span> 
     </span>
     <span class='ocr_line' id='line_1_20' title="bbox 102 1852 1073 1938; baseline -0.003 -18"><span class='ocrx_word' id='word_1_141' title='bbox 102 1857 249 1920; x_wconf 88' lang='lat' dir='ltr'><strong>nolebas:</strong></span> <span class='ocrx_word' id='word_1_142' title='bbox 272 1856 442 1921; x_wconf 89' lang='lat' dir='ltr'><strong>recusabas</strong></span> <span class='ocrx_word' id='word_1_143' title='bbox 466 1855 551 1920; x_wconf 91' lang='lat' dir='ltr'><strong>enim</strong></span> <span class='ocrx_word' id='word_1_144' title='bbox 578 1854 751 1938; x_wconf 81' lang='lat' dir='ltr'><strong>imperare3</strong></span> <span class='ocrx_word' id='word_1_145' title='bbox 780 1853 959 1934; x_wconf 89' lang='lat' dir='ltr'><strong>recusabas,</strong></span> <span class='ocrx_word' id='word_1_146' title='bbox 988 1852 1073 1936; x_wconf 90' lang='lat' dir='ltr'><strong>quod</strong></span> 
     </span>
     <span class='ocr_line' id='line_1_21' title="bbox 102 1937 1111 2024; baseline -0.004 -19"><span class='ocrx_word' id='word_1_147' title='bbox 102 1941 184 2005; x_wconf 89' lang='lat' dir='ltr'><strong>beno</strong></span> <span class='ocrx_word' id='word_1_148' title='bbox 213 1942 284 2004; x_wconf 88' lang='lat' dir='ltr'><strong>erat</strong></span> <span class='ocrx_word' id='word_1_149' title='bbox 310 1940 509 2024; x_wconf 90' lang='lat' dir='ltr'><strong>imperaturi.</strong></span> <span class='ocrx_word' id='word_1_150' title='bbox 546 1940 646 2024; x_wconf 88' lang='lat' dir='ltr'><strong>igitur</strong></span> <span class='ocrx_word' id='word_1_151' title='bbox 677 1939 837 2024; x_wconf 89' lang='lat' dir='ltr'><strong>cogendus</strong></span> <span class='ocrx_word' id='word_1_152' title='bbox 864 1937 964 2003; x_wconf 79' lang='lat' dir='ltr'><strong>fuisti.</strong></span> <span class='ocrx_word' id='word_1_153' title='bbox 999 1937 1072 2021; x_wconf 88' lang='lat' dir='ltr'><strong>cogi</strong></span> <span class='ocrx_word' id='word_1_154' title='bbox 1085 1953 1111 1994; x_wconf 76' lang='lat'><strong>2⁰</strong></span> 
     </span>
     <span class='ocr_line' id='line_1_22' title="bbox 105 2022 1072 2109; baseline -0.001 -20"><span class='ocrx_word' id='word_1_155' title='bbox 105 2046 200 2108; x_wconf 88' lang='lat' dir='ltr'><strong>porro</strong></span> <span class='ocrx_word' id='word_1_156' title='bbox 222 2045 290 2089; x_wconf 90' lang='lat' dir='ltr'><strong>non</strong></span> <span class='ocrx_word' id='word_1_157' title='bbox 311 2032 440 2109; x_wconf 88' lang='lat' dir='ltr'><strong>poteras</strong></span> <span class='ocrx_word' id='word_1_158' title='bbox 462 2025 527 2088; x_wconf 88' lang='lat' dir='ltr'><strong>nisi</strong></span> <span class='ocrx_word' id='word_1_159' title='bbox 548 2024 689 2108; x_wconf 89' lang='lat' dir='ltr'><strong>periculo</strong></span> <span class='ocrx_word' id='word_1_160' title='bbox 710 2025 834 2108; x_wconf 87' lang='lat' dir='ltr'><strong>patriae</strong></span> <span class='ocrx_word' id='word_1_161' title='bbox 850 2027 883 2088; x_wconf 91' lang='lat' dir='ltr'><strong>et</strong></span> <span class='ocrx_word' id='word_1_162' title='bbox 903 2022 1072 2088; x_wconf 90' lang='lat' dir='ltr'><strong>nutatione</strong></span> 
     </span>
     <span class='ocr_line' id='line_1_23' title="bbox 103 2107 1072 2193; baseline -0.002 -21"><span class='ocrx_word' id='word_1_163' title='bbox 103 2110 148 2174; x_wconf 91' lang='lat' dir='ltr'><strong>rei</strong></span> <span class='ocrx_word' id='word_1_164' title='bbox 175 2108 335 2193; x_wconf 90' lang='lat' dir='ltr'><strong>publicae.</strong></span> <span class='ocrx_word' id='word_1_165' title='bbox 379 2109 577 2174; x_wconf 89' lang='lat' dir='ltr'><strong>obstinatum</strong></span> <span class='ocrx_word' id='word_1_166' title='bbox 605 2109 691 2173; x_wconf 89' lang='lat' dir='ltr'><strong>enim</strong></span> <span class='ocrx_word' id='word_1_167' title='bbox 720 2109 780 2173; x_wconf 90' lang='lat' dir='ltr'><strong>tibi</strong></span> <span class='ocrx_word' id='word_1_168' title='bbox 811 2129 878 2173; x_wconf 86' lang='lat' dir='ltr'><strong>non</strong></span> <span class='ocrx_word' id='word_1_169' title='bbox 912 2107 1072 2192; x_wconf 87' lang='lat' dir='ltr'><strong>suscipere</strong></span> 
     </span>
     <span class='ocr_line' id='line_1_24' title="bbox 103 2192 1072 2278; baseline -0.002 -21"><span class='ocrx_word' id='word_1_170' title='bbox 103 2194 284 2278; x_wconf 86' lang='lat' dir='ltr'><strong>imperium,</strong></span> <span class='ocrx_word' id='word_1_171' title='bbox 307 2193 372 2257; x_wconf 88' lang='lat' dir='ltr'><strong>nisi</strong></span> <span class='ocrx_word' id='word_1_172' title='bbox 394 2193 587 2259; x_wconf 88' lang='lat' dir='ltr'><strong>seruandum</strong></span> <span class='ocrx_word' id='word_1_173' title='bbox 607 2194 731 2258; x_wconf 86' lang='lat' dir='ltr'><strong>fuisset.</strong></span> <span class='ocrx_word' id='word_1_174' title='bbox 767 2215 864 2278; x_wconf 90' lang='lat' dir='ltr'><strong>quare</strong></span> <span class='ocrx_word' id='word_1_175' title='bbox 893 2215 952 2278; x_wconf 90' lang='lat' dir='ltr'><strong>ego</strong></span> <span class='ocrx_word' id='word_1_176' title='bbox 980 2192 1072 2256; x_wconf 88' lang='lat' dir='ltr'><strong>illum</strong></span> 
     </span>
     <span class='ocr_line' id='line_1_25' title="bbox 103 2277 1070 2363; baseline -0.001 -22"><span class='ocrx_word' id='word_1_177' title='bbox 103 2279 208 2362; x_wconf 89' lang='lat' dir='ltr'><strong>ipsum</strong></span> <span class='ocrx_word' id='word_1_178' title='bbox 229 2277 372 2342; x_wconf 88' lang='lat' dir='ltr'><strong>furorem</strong></span> <span class='ocrx_word' id='word_1_179' title='bbox 394 2282 578 2363; x_wconf 85' lang='lat' dir='ltr'><strong>motumque</strong></span> <span class='ocrx_word' id='word_1_180' title='bbox 601 2282 796 2343; x_wconf 86' lang='lat' dir='ltr'><strong>castrensem</strong></span> <span class='ocrx_word' id='word_1_181' title='bbox 822 2299 895 2342; x_wconf 89' lang='lat' dir='ltr'><strong>reor</strong></span> <span class='ocrx_word' id='word_1_182' title='bbox 919 2277 1070 2354; x_wconf 88' lang='lat' dir='ltr'><strong>extitisse,</strong></span> 
     </span>
     <span class='ocr_line' id='line_1_26' title="bbox 103 2362 1112 2449; baseline -0.002 -23"><span class='ocrx_word' id='word_1_183' title='bbox 103 2363 178 2446; x_wconf 87' lang='lat' dir='ltr'><strong>quia</strong></span> <span class='ocrx_word' id='word_1_184' title='bbox 205 2384 326 2447; x_wconf 89' lang='lat' dir='ltr'><strong>magna</strong></span> <span class='ocrx_word' id='word_1_185' title='bbox 348 2363 382 2427; x_wconf 89' lang='lat' dir='ltr'><strong>ui</strong></span> <span class='ocrx_word' id='word_1_186' title='bbox 403 2384 583 2449; x_wconf 89' lang='lat' dir='ltr'><strong>magnoque</strong></span> <span class='ocrx_word' id='word_1_187' title='bbox 604 2365 725 2426; x_wconf 88' lang='lat' dir='ltr'><strong>terrore</strong></span> <span class='ocrx_word' id='word_1_188' title='bbox 746 2362 903 2427; x_wconf 87' lang='lat' dir='ltr'><strong>modestia</strong></span> <span class='ocrx_word' id='word_1_189' title='bbox 925 2365 982 2425; x_wconf 89' lang='lat' dir='ltr'><strong>tua</strong></span> <span class='ocrx_word' id='word_1_190' title='bbox 1001 2362 1071 2424; x_wconf 91' lang='lat' dir='ltr'><strong>uin-</strong></span> <span class='ocrx_word' id='word_1_191' title='bbox 1085 2377 1112 2418; x_wconf 78' lang='lat'><strong>2⁵</strong></span> 
     </span>
    </p>
   </div>
   <div class='ocr_carea' id='block_1_3' title="bbox 104 2446 1072 2594">
    <p class='ocr_par' dir='ltr' id='par_1_4' title="bbox 104 2446 1072 2594">
     <span class='ocr_line' id='line_1_27' title="bbox 104 2446 1072 2594; baseline -0.003 -83"><span class='ocrx_word' id='word_1_192' title='bbox 104 2447 207 2512; x_wconf 89' lang='lat' dir='ltr'><strong>cenda</strong></span> <span class='ocrx_word' id='word_1_193' title='bbox 229 2450 306 2512; x_wconf 86' lang='lat' dir='ltr'><strong>erat.</strong></span> <span class='ocrx_word' id='word_1_194' title='bbox 335 2469 373 2512; x_wconf 88' lang='lat' dir='ltr'><strong>ac</strong></span> <span class='ocrx_word' id='word_1_195' title='bbox 395 2448 477 2513; x_wconf 87' lang='lat' dir='ltr'><strong>sicut</strong></span> <span class='ocrx_word' id='word_1_196' title='bbox 497 2448 596 2511; x_wconf 88' lang='lat' dir='ltr'><strong>maris</strong></span> <span class='ocrx_word' id='word_1_197' title='bbox 622 2446 764 2531; x_wconf 86' lang='lat' dir='ltr'><strong>caelique</strong></span> <span class='ocrx_word' id='word_1_198' title='bbox 791 2446 979 2594; x_wconf 65' lang='lat' dir='ltr'><strong>temperiem</strong></span> <span class='ocrx_word' id='word_1_199' title='bbox 1007 2448 1072 2508; x_wconf 92' lang='lat' dir='ltr'><strong>tur-</strong></span> 
     </span>
    </p>
   </div>
   <div class='ocr_carea' id='block_1_4' title="bbox 103 2529 1112 2952">
    <p class='ocr_par' dir='ltr' id='par_1_5' title="bbox 103 2529 1112 2952">
     <span class='ocr_line' id='line_1_28' title="bbox 105 2529 1072 2616; baseline -0.003 -21"><span class='ocrx_word' id='word_1_200' title='bbox 105 2529 197 2596; x_wconf 85' lang='lat' dir='ltr'><strong>bines</strong></span> <span class='ocrx_word' id='word_1_201' title='bbox 219 2535 491 2616; x_wconf 88' lang='lat' dir='ltr'><strong>tempestatesque</strong></span> <span class='ocrx_word' id='word_1_202' title='bbox 507 2531 743 2612; x_wconf 88' lang='lat' dir='ltr'><strong>commendant,</strong></span> <span class='ocrx_word' id='word_1_203' title='bbox 766 2531 848 2595; x_wconf 91' lang='lat' dir='ltr'><strong>itaa</strong></span> <span class='ocrx_word' id='word_1_204' title='bbox 880 2529 1072 2614; x_wconf 84' lang='lat' dir='ltr'><strong>augendam</strong></span> 
     </span>
     <span class='ocr_line' id='line_1_29' title="bbox 103 2615 1072 2700; baseline -0.002 -20"><span class='ocrx_word' id='word_1_205' title='bbox 103 2616 193 2698; x_wconf 89' lang='lat' dir='ltr'><strong>pacis</strong></span> <span class='ocrx_word' id='word_1_206' title='bbox 216 2619 290 2680; x_wconf 88' lang='lat' dir='ltr'><strong>tuae</strong></span> <span class='ocrx_word' id='word_1_207' title='bbox 312 2615 449 2699; x_wconf 88' lang='lat' dir='ltr'><strong>gratiam</strong></span> <span class='ocrx_word' id='word_1_208' title='bbox 469 2616 560 2681; x_wconf 89' lang='lat' dir='ltr'><strong>illum</strong></span> <span class='ocrx_word' id='word_1_209' title='bbox 582 2615 755 2679; x_wconf 91' lang='lat' dir='ltr'><strong>tumultum</strong></span> <span class='ocrx_word' id='word_1_210' title='bbox 776 2616 986 2700; x_wconf 88' lang='lat' dir='ltr'><strong>praecessisse</strong></span> <span class='ocrx_word' id='word_1_211' title='bbox 1008 2635 1072 2678; x_wconf 90' lang='lat' dir='ltr'><strong>cre·</strong></span> 
     </span>
     <span class='ocr_line' id='line_1_30' title="bbox 105 2698 1072 2765; baseline 0 -3"><span class='ocrx_word' id='word_1_212' title='bbox 105 2700 251 2764; x_wconf 90' lang='lat' dir='ltr'><strong>diderim.</strong></span> <span class='ocrx_word' id='word_1_213' title='bbox 282 2699 381 2764; x_wconf 89' lang='lat' dir='ltr'><strong>habet</strong></span> <span class='ocrx_word' id='word_1_214' title='bbox 400 2700 458 2764; x_wconf 89' lang='lat' dir='ltr'><strong>bas</strong></span> <span class='ocrx_word' id='word_1_215' title='bbox 480 2701 567 2765; x_wconf 90' lang='lat' dir='ltr'><strong>uices</strong></span> <span class='ocrx_word' id='word_1_216' title='bbox 589 2700 734 2765; x_wconf 87' lang='lat' dir='ltr'><strong>condicio</strong></span> <span class='ocrx_word' id='word_1_217' title='bbox 756 2700 939 2764; x_wconf 87' lang='lat' dir='ltr'><strong>mortalium</strong></span> <span class='ocrx_word' id='word_1_218' title='bbox 961 2703 997 2763; x_wconf 85' lang='lat' dir='ltr'><strong>ut</strong></span> <span class='ocrx_word' id='word_1_219' title='bbox 1019 2698 1072 2762; x_wconf 91' lang='lat' dir='ltr'><strong>ad·</strong></span> 
     </span>
     <span class='ocr_line' id='line_1_31' title="bbox 105 2784 1112 2867; baseline -0.007 -20"><span class='ocrx_word' id='word_1_220' title='bbox 105 2805 199 2848; x_wconf 88' lang='lat' dir='ltr'><strong>uersa</strong></span> <span class='ocrx_word' id='word_1_221' title='bbox 228 2805 267 2848; x_wconf 89' lang='lat' dir='ltr'><strong>ex</strong></span> <span class='ocrx_word' id='word_1_222' title='bbox 295 2784 456 2867; x_wconf 88' lang='lat' dir='ltr'><strong>secundis,</strong></span> <span class='ocrx_word' id='word_1_223' title='bbox 481 2806 519 2849; x_wconf 88' lang='lat' dir='ltr'><strong>ex</strong></span> <span class='ocrx_word' id='word_1_224' title='bbox 547 2786 688 2848; x_wconf 88' lang='lat' dir='ltr'><strong>aduersis</strong></span> <span class='ocrx_word' id='word_1_225' title='bbox 716 2785 856 2849; x_wconf 89' lang='lat' dir='ltr'><strong>secunda</strong></span> <span class='ocrx_word' id='word_1_226' title='bbox 889 2785 1071 2846; x_wconf 87' lang='lat' dir='ltr'><strong>nascantur.</strong></span> <span class='ocrx_word' id='word_1_227' title='bbox 1087 2799 1112 2839; x_wconf 82' lang='lat' dir='ltr'><strong>ao</strong></span> 
     </span>
     <span class='ocr_line' id='line_1_32' title="bbox 109 2867 1073 2952; baseline -0.004 -20"><span class='ocrx_word' id='word_1_228' title='bbox 109 2869 250 2933; x_wconf 89' lang='lat' dir='ltr'><strong>occultat</strong></span> <span class='ocrx_word' id='word_1_229' title='bbox 272 2873 479 2952; x_wconf 86' lang='lat' dir='ltr'><strong>utrorumque</strong></span> <span class='ocrx_word' id='word_1_230' title='bbox 501 2868 624 2932; x_wconf 87' lang='lat' dir='ltr'><strong>semina</strong></span> <span class='ocrx_word' id='word_1_231' title='bbox 647 2869 733 2951; x_wconf 85' lang='lat' dir='ltr'><strong>deus,</strong></span> <span class='ocrx_word' id='word_1_232' title='bbox 757 2872 790 2932; x_wconf 92' lang='lat' dir='ltr'><strong>et</strong></span> <span class='ocrx_word' id='word_1_233' title='bbox 810 2869 995 2951; x_wconf 88' lang='lat' dir='ltr'><strong>plerumque</strong></span> <span class='ocrx_word' id='word_1_234' title='bbox 1017 2867 1073 2929; x_wconf 91' lang='lat' dir='ltr'><strong>bo-</strong></span> 
     </span>
    </p>
   </div>
   <div class='ocr_carea' id='block_1_5' title="bbox 173 3085 1072 3174">
    <p class='ocr_par' dir='ltr' id='par_1_6' title="bbox 173 3085 1072 3174">
     <span class='ocr_line' id='line_1_33' title="bbox 173 3085 1072 3174; baseline -0.002 -34"><span class='ocrx_word' id='word_1_235' title='bbox 173 3093 344 3140; x_wconf 80' lang='lat' dir='ltr'><strong>5exortuc</strong></span> <span class='ocrx_word' id='word_1_236' title='bbox 367 3090 377 3157; x_wconf 85' lang='grc' dir='ltr'><strong>ΙΙ</strong></span> <span class='ocrx_word' id='word_1_237' title='bbox 402 3089 555 3174; x_wconf 58' lang='lat' dir='ltr'><strong>Qudium</strong></span> <span class='ocrx_word' id='word_1_238' title='bbox 575 3105 634 3155; x_wconf 72' lang='lat' dir='ltr'><strong>epo:</strong></span> <span class='ocrx_word' id='word_1_239' title='bbox 659 3087 789 3139; x_wconf 90' lang='lat' dir='ltr'><strong>iudicium</strong></span> <span class='ocrx_word' id='word_1_240' title='bbox 813 3090 840 3137; x_wconf 71' lang='grc' dir='ltr'><strong>Π</strong></span> <span class='ocrx_word' id='word_1_241' title='bbox 863 3085 873 3154; x_wconf 65' lang='grc' dir='ltr'><strong>ΙΙ</strong></span> <span class='ocrx_word' id='word_1_242' title='bbox 897 3090 913 3140; x_wconf 88' lang='grc'>8</span> <span class='ocrx_word' id='word_1_243' title='bbox 936 3091 1001 3138; x_wconf 90' lang='lat' dir='ltr'><strong>tunc</strong></span> <span class='ocrx_word' id='word_1_244' title='bbox 1025 3104 1072 3140; x_wconf 86' lang='lat' dir='ltr'><strong>om.</strong></span> 
     </span>
    </p>
   </div>
   <div class='ocr_carea' id='block_1_6' title="bbox 106 3171 1074 3578">
    <p class='ocr_par' dir='ltr' id='par_1_7' title="bbox 106 3171 1074 3578">
     <span class='ocr_line' id='line_1_34' title="bbox 107 3171 1074 3241; baseline -0.001 -20"><span class='ocrx_word' id='word_1_245' title='bbox 107 3175 167 3222; x_wconf 80' lang='lat' dir='ltr'><strong>BV</strong></span> <span class='ocrx_word' id='word_1_246' title='bbox 189 3171 202 3241; x_wconf 74' lang='lat' dir='ltr'><strong>ll</strong></span> <span class='ocrx_word' id='word_1_247' title='bbox 225 3175 241 3224; x_wconf 83' lang='grc'>9</span> <span class='ocrx_word' id='word_1_248' title='bbox 264 3175 400 3226; x_wconf 88' lang='lat' dir='ltr'><strong>inusitato</strong></span> <span class='ocrx_word' id='word_1_249' title='bbox 418 3179 461 3226; x_wconf 91' lang='lat' dir='ltr'><strong>oie</strong></span> <span class='ocrx_word' id='word_1_250' title='bbox 491 3175 583 3225; x_wconf 88' lang='lat' dir='ltr'><strong>notuit</strong></span> <span class='ocrx_word' id='word_1_251' title='bbox 610 3174 719 3237; x_wconf 79' lang='lat' dir='ltr'><strong>scripsi:</strong></span> <span class='ocrx_word' id='word_1_252' title='bbox 748 3174 883 3223; x_wconf 86' lang='lat' dir='ltr'><strong>inusitato</strong></span> <span class='ocrx_word' id='word_1_253' title='bbox 913 3173 1020 3222; x_wconf 87' lang='lat' dir='ltr'><strong>enotuit</strong></span> <span class='ocrx_word' id='word_1_254' title='bbox 1045 3175 1074 3220; x_wconf 75' lang='grc' dir='ltr'><strong>Μ</strong></span> 
     </span>
     <span class='ocr_line' id='line_1_35' title="bbox 108 3239 1070 3305; baseline 0.002 -17"><span class='ocrx_word' id='word_1_255' title='bbox 108 3243 179 3292; x_wconf 87' lang='lat' dir='ltr'><strong>inus.</strong></span> <span class='ocrx_word' id='word_1_256' title='bbox 199 3241 305 3293; x_wconf 87' lang='lat' dir='ltr'><strong>indicio</strong></span> <span class='ocrx_word' id='word_1_257' title='bbox 324 3243 425 3293; x_wconf 85' lang='lat' dir='ltr'><strong>enituit</strong></span> <span class='ocrx_word' id='word_1_258' title='bbox 442 3244 576 3293; x_wconf 72' lang='lat' dir='ltr'><strong>Liuineius</strong></span> <span class='ocrx_word' id='word_1_259' title='bbox 593 3241 666 3295; x_wconf 88' lang='lat' dir='ltr'><strong>inus.</strong></span> <span class='ocrx_word' id='word_1_260' title='bbox 689 3241 779 3291; x_wconf 88' lang='lat' dir='ltr'><strong>omine</strong></span> <span class='ocrx_word' id='word_1_261' title='bbox 803 3242 910 3292; x_wconf 87' lang='lat' dir='ltr'><strong>enotuit</strong></span> <span class='ocrx_word' id='word_1_262' title='bbox 932 3241 1033 3291; x_wconf 76' lang='lat' dir='ltr'><strong>Keilius</strong></span> <span class='ocrx_word' id='word_1_263' title='bbox 1058 3239 1070 3305; x_wconf 72' lang='lat' dir='ltr'><strong>ll</strong></span> 
     </span>
     <span class='ocr_line' id='line_1_36' title="bbox 108 3305 1070 3375; baseline 0.002 -19"><span class='ocrx_word' id='word_1_264' title='bbox 108 3311 139 3358; x_wconf 82' lang='lat'><strong>14</strong></span> <span class='ocrx_word' id='word_1_265' title='bbox 156 3311 308 3360; x_wconf 84' lang='lat' dir='ltr'><strong>occurrerit</strong></span> <span class='ocrx_word' id='word_1_266' title='bbox 330 3311 347 3359; x_wconf 78' lang='lat'><strong>0</strong></span> <span class='ocrx_word' id='word_1_267' title='bbox 376 3309 387 3375; x_wconf 80' lang='grc'><strong>[1</strong></span> <span class='ocrx_word' id='word_1_268' title='bbox 416 3313 448 3361; x_wconf 76' lang='lat'><strong>15</strong></span> <span class='ocrx_word' id='word_1_269' title='bbox 469 3311 551 3360; x_wconf 79' lang='lat' dir='ltr'><strong>malim</strong></span> <span class='ocrx_word' id='word_1_270' title='bbox 567 3312 599 3359; x_wconf 88' lang='lat' dir='ltr'><strong>ut</strong></span> <span class='ocrx_word' id='word_1_271' title='bbox 620 3312 686 3358; x_wconf 88' lang='lat' dir='ltr'><strong>tunc</strong></span> <span class='ocrx_word' id='word_1_272' title='bbox 709 3309 820 3372; x_wconf 88' lang='lat' dir='ltr'><strong>quidem</strong></span> <span class='ocrx_word' id='word_1_273' title='bbox 838 3309 890 3359; x_wconf 81' lang='lat' dir='ltr'><strong>illa</strong></span> <span class='ocrx_word' id='word_1_274' title='bbox 909 3308 967 3360; x_wconf 86' lang='lat' dir='ltr'><strong>arb.</strong></span> <span class='ocrx_word' id='word_1_275' title='bbox 985 3307 989 3370; x_wconf 85' lang='grc' dir='ltr'>Ι</span> <span class='ocrx_word' id='word_1_276' title='bbox 1009 3305 1070 3372; x_wconf 90' lang='lat' dir='ltr'><strong>illa]</strong></span> 
     </span>
     <span class='ocr_line' id='line_1_37' title="bbox 106 3373 1063 3441; baseline 0 -18"><span class='ocrx_word' id='word_1_277' title='bbox 106 3377 196 3426; x_wconf 68' lang='lat' dir='ltr'><strong>iamt</strong></span> <span class='ocrx_word' id='word_1_278' title='bbox 219 3373 230 3441; x_wconf 83' lang='grc' dir='ltr'><strong>ΙΙ</strong></span> <span class='ocrx_word' id='word_1_279' title='bbox 255 3378 287 3426; x_wconf 84' lang='grc'><strong>17</strong></span> <span class='ocrx_word' id='word_1_280' title='bbox 305 3382 334 3427; x_wconf 87' lang='lat' dir='ltr'><strong>te</strong></span> <span class='ocrx_word' id='word_1_281' title='bbox 354 3377 451 3429; x_wconf 89' lang='lat' dir='ltr'><strong>consul</strong></span> <span class='ocrx_word' id='word_1_282' title='bbox 470 3377 659 3427; x_wconf 86' lang='lat' dir='ltr'><strong>consalutauit</strong></span> <span class='ocrx_word' id='word_1_283' title='bbox 676 3376 708 3425; x_wconf 78' lang='lat' dir='ltr'>W</span> <span class='ocrx_word' id='word_1_284' title='bbox 732 3373 742 3441; x_wconf 86' lang='grc' dir='ltr'><strong>ΙΙ</strong></span> <span class='ocrx_word' id='word_1_285' title='bbox 768 3379 800 3426; x_wconf 86' lang='grc'><strong>19</strong></span> <span class='ocrx_word' id='word_1_286' title='bbox 817 3376 931 3427; x_wconf 85' lang='lat' dir='ltr'><strong>uolebas</strong></span> <span class='ocrx_word' id='word_1_287' title='bbox 949 3377 970 3424; x_wconf 86' lang='lat' dir='ltr'>B</span> <span class='ocrx_word' id='word_1_288' title='bbox 987 3376 1039 3424; x_wconf 75' lang='lat' dir='ltr'><strong>GV</strong></span> <span class='ocrx_word' id='word_1_289' title='bbox 1060 3375 1063 3440; x_wconf 70' lang='lat' dir='ltr'><strong>l</strong></span> 
     </span>
     <span class='ocr_line' id='line_1_38' title="bbox 106 3443 1062 3512; baseline -0.001 -21"><span class='ocrx_word' id='word_1_290' title='bbox 106 3445 138 3492; x_wconf 73' lang='lat'><strong>20</strong></span> <span class='ocrx_word' id='word_1_291' title='bbox 154 3443 314 3508; x_wconf 85' lang='lat' dir='ltr'><strong>imperatori</strong></span> <span class='ocrx_word' id='word_1_292' title='bbox 329 3459 355 3494; x_wconf 72' lang='grc' dir='ltr'><strong>π</strong></span> <span class='ocrx_word' id='word_1_293' title='bbox 377 3443 388 3512; x_wconf 72' lang='lat' dir='ltr'><strong>l</strong></span> <span class='ocrx_word' id='word_1_294' title='bbox 411 3447 444 3496; x_wconf 79' lang='lat'><strong>21</strong></span> <span class='ocrx_word' id='word_1_295' title='bbox 462 3445 605 3495; x_wconf 83' lang='lat' dir='ltr'><strong>nutatione</strong></span> <span class='ocrx_word' id='word_1_296' title='bbox 623 3446 680 3494; x_wconf 83' lang='lat' dir='ltr'><strong>cod.</strong></span> <span class='ocrx_word' id='word_1_297' title='bbox 700 3445 825 3494; x_wconf 81' lang='lat' dir='ltr'><strong>Liuineir&#39;:</strong></span> <span class='ocrx_word' id='word_1_298' title='bbox 842 3444 993 3494; x_wconf 85' lang='lat' dir='ltr'><strong>mutatione</strong></span> <span class='ocrx_word' id='word_1_299' title='bbox 1011 3444 1039 3490; x_wconf 75' lang='grc' dir='ltr'>Ι</span> <span class='ocrx_word' id='word_1_300' title='bbox 1060 3443 1062 3506; x_wconf 62' lang='grc' dir='ltr'>ᾖ</span> 
     </span>
     <span class='ocr_line' id='line_1_39' title="bbox 106 3509 845 3578; baseline 0.001 -19"><span class='ocrx_word' id='word_1_301' title='bbox 106 3513 138 3561; x_wconf 81' lang='grc'><strong>30</strong></span> <span class='ocrx_word' id='word_1_302' title='bbox 155 3517 307 3562; x_wconf 85' lang='lat' dir='ltr'><strong>nascantur</strong></span> <span class='ocrx_word' id='word_1_303' title='bbox 324 3526 353 3578; x_wconf 77' lang='grc' dir='ltr'><strong>ςε</strong></span> <span class='ocrx_word' id='word_1_304' title='bbox 372 3517 523 3564; x_wconf 85' lang='lat' dir='ltr'><strong>noscantur</strong></span> <span class='ocrx_word' id='word_1_305' title='bbox 540 3512 568 3558; x_wconf 79' lang='lat'>1</span> <span class='ocrx_word' id='word_1_306' title='bbox 592 3509 602 3576; x_wconf 89' lang='grc' dir='ltr'><strong>ΙΙ</strong></span> <span class='ocrx_word' id='word_1_307' title='bbox 626 3514 657 3562; x_wconf 89' lang='grc'><strong>31</strong></span> <span class='ocrx_word' id='word_1_308' title='bbox 676 3517 793 3576; x_wconf 81' lang='lat' dir='ltr'><strong>utraque</strong></span> <span class='ocrx_word' id='word_1_309' title='bbox 811 3524 845 3560; x_wconf 76' lang='lat' dir='ltr'><strong>w,</strong></span> 
     </span>
    </p>
   </div>
   <div class='ocr_carea' id='block_1_7' title="bbox 0 0 1300 3990">
    <p class='ocr_par' dir='ltr' id='par_1_8' title="bbox 0 0 1300 3990">
     <span class='ocr_line' id='line_1_40' title="bbox 0 0 1300 3990; baseline 0 0"><span class='ocrx_word' id='word_1_310' title='bbox 0 0 1300 3990; x_wconf 95' lang='lat' dir='ltr'><strong> </strong></span> 
     </span>
    </p>
   </div>
  </div>
 </body>
</html>
