2586 3996
275 197 489 248 cananeum
507 197 617 248 acrio
637 156 799 249 ruaruuo
818 200 910 248 9-12.
1013 195 1075 262 253
1143 165 1146 168 ’

107 349 319 430 separaretur.
363 346 437 410 inde
465 345 545 410 nihil
575 347 776 411 'necessariae
804 347 1075 411 substructionum

108 434 144 496 in
172 431 303 496 aedibus
331 432 444 513 moles,
476 431 626 515 ingentes
656 431 832 497 aulicorum
861 435 1006 495 cateruae
1033 433 1076 496 le-

108 517 242 601 gionum
284 520 446 598 sumptum
482 515 578 580 facile
620 516 804 580 uincebant.
860 517 938 600 quin
980 517 1094 580 etiam·

106 601 315 684 prandiorum
349 603 444 684 atque
472 621 621 664 cenarum
648 600 810 664 laboratas
837 601 1076 684 magnitudines

108 684 308 769 respublica
331 684 499 767 sentiebat,
525 707 597 748 cum
613 685 866 770 quaesitissimae
890 685 988 766 dapes
1010 706 1102 748 nous

107 773 222 852 gustu,
258 768 314 832 sed
347 768 590 832 difficultatibus
627 771 886 849 aestimarentur,
922 769 1077 833 miracula

108 855 225 936 auium,
247 854 418 937 longinqui
439 854 536 916 maris
551 855 665 937 pisces,
691 854 788 918 alieni
802 855 955 936 temporis
970 875 1076 937 poma,

109 941 249 1002 aestiuae
270 938 373 1019 niues,
396 936 549 1002 hibernae
571 959 670 1002 rosae.
708 938 788 1002 haec
812 943 927 1003 cuncta
951 939 1077 1002 animus

109 1022 310 1105 uoluptatum
338 1023 481 1085 omnium
508 1023 611 1086 uictor
638 1023 765 1086 abiecit.
809 1044 912 1106 neque
939 1023 1025 1087 enim
1047 1023 1077 1086 ei

107 1107 268 1190 parandae
296 1110 372 1170 sunt
392 1107 570 1189 picturatae
598 1129 792 1171 marmorum
820 1111 945 1172 crustae
973 1111 1005 1171 et
1028 1128 1077 1171 so·
1091 1131 1116 1169 ro

108 1191 174 1254 lido
201 1213 278 1254 auro
300 1193 387 1255 tecta
408 1191 572 1275 laquearia
594 1192 648 1274 qui
671 1193 823 1256 maiorem
852 1193 931 1255 anni
952 1195 1078 1274 partem

106 1277 144 1338 in
165 1275 251 1339 nuda
271 1274 368 1338 humo
391 1276 485 1339 cubet
508 1279 541 1338 et
563 1276 651 1339 caelo
666 1279 793 1339 tantum
808 1279 951 1358 tegatur3
974 1297 1077 1358 neque

108 1360 221 1422 turbae
250 1359 436 1422 institorum
465 1381 503 1423 ac
531 1358 661 1422 deliciae
688 1359 908 1422 ministrorum
938 1361 989 1423 cui
1010 1363 1077 1422 tam

108 1465 212 1527 pauca
234 1444 300 1505 sint
321 1442 547 1527 ministranda,
571 1464 674 1526 neque
690 1444 852 1526 impensus
868 1443 1033 1526 epularum
1049 1443 1079 1507 ei

107 1528 164 1611 qui
186 1526 312 1609 saepius
335 1527 503 1590 statarium
524 1527 695 1610 prandium
718 1527 757 1591 ad
779 1529 1004 1592 necessitatem
1020 1526 1116 1592 hu-1e

109 1613 198 1676 mani
222 1611 364 1694 corporis
392 1612 499 1694 capiat
519 1610 663 1695 gaudens
693 1614 847 1676 castrensi
871 1612 955 1695 cibo,
985 1611 1078 1676 mini·

4 1766 8 1781 Ι
108 1697 208 1760 sterio
233 1695 328 1759 obuio
352 1698 384 1759 et
405 1696 519 1778 poculo
541 1695 685 1760 fortuito.

173 1779 246 1844 XII.
293 1778 354 1844 Sed
382 1779 466 1844 inter
491 1780 572 1844 haec
599 1781 710 1844 mirari
738 1781 815 1844 satis
844 1801 965 1865 nequeo
993 1780 1078 1863 quod

108 1869 178 1928 tam
201 1885 309 1928 seuere
331 1885 445 1948 parcus
467 1865 502 1927 in
524 1867 624 1928 semet
651 1865 696 1928 in
710 1865 795 1928 ciues
818 1886 891 1928 suos
913 1868 979 1928 tam
1000 1864 1077 1928 libe·
1122 1921 1124 1926 .

108 1949 185 2012 ralis
208 1951 257 2012 est
279 1969 317 2012 ac
331 1949 492 2032 remissus,
514 1948 660 2013 laborum
677 1950 851 2033 asperrima
873 1949 934 2013 sibi
949 1970 1078 2012 sumens
1092 1971 1117 2010 ao

109 2037 146 2097 ut
166 2054 225 2097 nos
248 2033 364 2116 quictis
386 2035 481 2098 rebus
504 2033 671 2119 agitemus,
697 2056 769 2098 omn
791 2033 870 2096 illud
892 2055 951 2097 usu
968 2035 1078 2098 uenire

110 2118 403 2182 animaduertamus
433 2119 544 2202 utqui
566 2122 724 2183 remotam
752 2140 771 2182 a
793 2118 1010 2202 uoluptatibus
1033 2119 1079 2181 ui·

109 2206 178 2265 tam
204 2207 378 2285 sequantur
400 2203 547 2267 difficiles
576 2207 609 2267 et
629 2205 748 2267 morosi
770 2204 852 2285 sint,
880 2203 942 2266 sibi
963 2224 1078 2286 parum

109 2286 202 2364 laeti,
237 2285 292 2350 sed
320 2287 390 2358 aliis
418 2286 593 2370 tristiores,
625 2291 764 2351 maestas
797 2291 893 2370 atque
926 2287 1077 2352 sollicitas

110 2371 208 2434 etiam
230 2370 373 2452 priuatas
400 2369 511 2433 domos
537 2370 668 2434 faciant.
714 2374 747 2434 at
773 2371 994 2434 sanctissimus
1019 2372 1078 2434 im·
1092 2389 1117 2428 2⁵

109 2456 241 2537 perator
262 2454 406 2536 impense
430 2455 537 2518 studet
557 2458 594 2517 ut
616 2476 676 2518 nos
697 2477 756 2538 pro
778 2455 935 2540 dignitate
957 2454 1079 2519 habite·

109 2559 196 2621 mus,
229 2542 266 2601 ut
296 2539 469 2603 commodis
502 2539 687 2623 affluamus,
721 2543 758 2603 ut
788 2541 909 2604 castam
940 2539 1079 2623 quidem,

109 2623 166 2687 sed
187 2621 322 2686 hilarem
347 2624 498 2688 ducamus
526 2627 678 2707 aetatem,
710 2647 782 2688 cum
810 2624 890 2688 alios
917 2625 1079 2708 principes

109 2707 201 2770 labor
222 2710 342 2789 truces,
371 2709 521 2772 remissos
550 2709 672 2771 desidia
698 2709 871 2772 reddiderit
894 2729 1079 2790 semperque

115 2879 316 2888 .--..-—...

180 2981 193 3028 1
215 2985 357 3044 separetur
374 2981 407 3028 W
431 2977 435 3044 Ι
461 2978 678 3028 subtructionum
694 2978 717 3027 Δ
733 2980 767 3026 W
786 2979 1001 3028 subtractionum
1019 2978 1041 3026 V
1066 2977 1078 3042 Η

111 3050 126 3096 2
152 3046 315 3096 auxiliorum
334 3049 423 3097 cett¹
452 3044 462 3111 11
491 3049 508 3096 4
532 3044 685 3096 elaboratas
703 3060 728 3094 w
757 3044 768 3110 ll
798 3049 813 3095 9
838 3047 864 3095 ei
881 3045 1024 3111 parandae
1042 3061 1079 3095 w:

112 3114 270 3178 sperandae
289 3116 316 3163 Μ
334 3113 492 3178 sperandae
511 3113 586 3164 Bert.
610 3113 808 3178 comparandae
825 3115 885 3166 edd.
909 3111 919 3178 ΙΙ
946 3115 976 3163 10
993 3113 1081 3178 pictu-

110 3184 190 3231 ratae
208 3183 283 3232 edd:
309 3183 415 3247 picture
433 3184 460 3229 Μ
489 3179 500 3246 ss
531 3183 561 3232 13
583 3181 740 3232 institorum
758 3185 865 3245 scripsi:
892 3181 1080 3232 institutorum

108 3250 137 3297 Μ
164 3248 168 3313 Ι
196 3265 228 3298 ac
245 3249 363 3299 deliciae
381 3251 489 3313 scripsi:
517 3249 553 3298 ad
571 3248 686 3300 delicias
703 3251 730 3298 u
756 3249 761 3310 Ι
789 3250 815 3299 ei
839 3249 884 3298 oui
902 3249 1034 3298 Liuineius
1064 3246 1077 3315 ll

110 3319 144 3366 14
167 3316 271 3366 sunta
297 3319 302 3378 Ι
329 3319 468 3382 impensus
489 3319 598 3380 scripsi:
624 3323 731 3383 tempus
754 3319 781 3365 ll
805 3320 928 3379 sumptus
951 3317 1082 3380 Hauptius

111 3381 125 3451 ll
157 3387 187 3434 16
206 3384 355 3435 ministerio
375 3386 505 3449 Hauptiua
523 3385 612 3435 Herm.
629 3385 676 3435 IV
693 3403 718 3448 p.
738 3388 805 3435 152:
822 3384 945 3435 ministro
963 3387 990 3433 ll
1014 3383 1023 3450 ΙΙ
1048 3388 1080 3434 22

109 3452 361 3504 animaduertemus
379 3454 396 3502 0
413 3451 423 3517 ΙΙ
444 3453 477 3502 25
496 3455 579 3502 etiam
596 3455 619 3502 A
637 3455 654 3501 0
673 3454 695 3502 V
712 3451 803 3504 Bora:
822 3457 850 3501 et
868 3453 888 3500 B
905 3453 938 3502 W
953 3449 963 3517 ΙΙ
986 3455 1018 3504 26
1036 3451 1079 3520 ut]

109 3522 141 3571 at
158 3522 182 3569 Α
