2578 4000
337 192 591 247 CONSTANTINO
610 191 790 244 AUGUSTO.
812 194 887 244 5-7.
1035 193 1095 257 185

122 349 232 411 cetera
255 343 345 407 siluis
367 347 400 408 ei
413 342 547 426 rupibus
569 341 658 406 inuia
679 363 863 406 securarum
880 346 956 407 suni
978 343 1096 408 cubilia

120 429 312 496 bestiarum.
337 427 394 494 illa
411 430 518 492 autem
537 447 619 509 quae
640 426 784 490 subiecta
806 430 839 490 ei
852 427 952 511 usque
966 429 1095 493 Ararim

121 516 276 664 iiiiii
297 511 451 681 {iiiiii
470 510 683 680 {libili
690 513 771 660 inii
786 512 1095 661 illabili
1189 607 1190 610 κ

121 646 296 769 procursis
310 681 452 746 fontium
466 681 605 745 uallibus
621 681 807 764 paieniibus
823 679 993 764 euehebai3
1008 702 1121 747 runca

123 771 234 833 autom
255 766 438 831 interclusis
460 765 612 829 uasiiiaic
634 765 803 848 meatibus,
828 765 978 849 quicquid
991 765 1094 830 humi-

121 853 217 918 liiaie
245 873 303 917 sua
323 851 428 916 fuerat
449 850 594 932 uberius,
625 849 660 913 in
681 850 852 936 uoragines
876 854 925 914 esi
948 852 1093 936 [siagria]

124 957 326 1002 conuersum.
376 936 464 1019 ipsae
495 935 631 1018 denique
662 935 793 1016 uineae,
828 955 906 1019 quas
936 935 1096 1000 mirantur

122 1021 240 1108 ignari,
263 1021 308 1084 iia
322 1022 485 1085 ueiusiaie
500 1022 676 1084 senuerunt
690 1023 727 1082 ui
742 1020 899 1084 culturam
914 1020 979 1084 iam
991 1041 1094 1104 paene

121 1128 193 1170 non
214 1107 366 1170 sentiani.
397 1105 520 1169 radices
543 1104 629 1168 enim
651 1104 777 1187 uitium,
800 1125 933 1188 quarum
955 1105 1019 1168 iam
1041 1125 1134 1169 rra-10

123 1191 243 1256 scimus
272 1193 425 1272 aeiaiem,
454 1189 559 1253 milies
580 1187 767 1272 replicando
795 1193 967 1274 congestae
989 1191 1096 1254 altir-

122 1275 234 1340 dinem
261 1274 400 1339 debitam
428 1274 594 1338 scrobibus
625 1274 800 1338 excluduni
833 1277 866 1336 ei
892 1274 996 1356 ipsam
1047 1295 1096 1338 ro-

121 1359 278 1445 paginam
304 1380 371 1423 non
400 1358 559 1442 abditam,
594 1357 649 1422 sed
678 1357 782 1421 obiier
807 1359 929 1422 iactam
955 1297 1097 1441 prodbub

121 1444 282 1508 imbribus
305 1443 473 1508 eluendam
495 1446 528 1507 ei
550 1441 670 1506 solibus
691 1441 915 1525 perurendam.
942 1462 1002 1507 nec
1023 1464 1096 1527 pos·

123 1550 245 1611 sumus,
267 1531 304 1593 ui
318 1528 491 1612 Aquitanis
513 1526 647 1610 aliisque
661 1526 838 1610 prouinciis
860 1526 1019 1592 familiare
1038 1530 1134 1608 esi,15

121 1615 219 1680 nouis
241 1613 361 1677 sitibus
382 1612 490 1677 locum
511 1612 629 1696 ubique
650 1611 781 1693 metari,
803 1632 876 1675 cum
899 1633 997 1697 supra
1019 1633 1096 1676 saxa

122 1721 166 1783 pe
208 1702 281 1762 eiua
305 1699 386 1782 sini,
408 1697 494 1761 infra
515 1695 681 1760 humilitas
702 1697 866 1779 pruinosa.

221 1781 263 1848 ΙΙ.
313 1781 398 1847 Nam
428 1781 503 1865 quid
533 1801 593 1866 ego
622 1779 660 1844 de
690 1780 803 1844 scieris
839 1779 979 1844 ciuitatis
1009 1780 1095 1844 illius

122 1867 311 2017 iiiiii?
339 1866 466 2015 iiiiii
486 1864 1134 2015 bilbilis&bibra?20

121 2036 268 2118 urbium,
297 2034 492 2100 omniafere
519 2035 606 2100 culta
633 1998 741 2118 aprica
763 1970 929 2117 iloreulia,
959 2033 1028 2098 uias
1048 2034 1095 2098 ia-

124 2121 219 2204 ciles,
248 2120 406 2204 nauigera
426 2120 560 2184 fiumina
585 2120 673 2204 ipsas
701 2118 891 2202 oppidorum
913 2121 1024 2203 perias
1052 2119 1096 2184 al·

122 2205 263 2287 luentia,
295 2205 348 2268 sed
379 2205 487 2269 siaiim
516 2205 557 2269 ab
586 2225 623 2268 eo
650 2203 751 2286 flexu,
783 2225 800 2266 e
828 2224 891 2288 quo
920 2206 1096 2268 retrorsum

121 2290 179 2355 uia
203 2289 291 2354 ducii
311 2289 347 2352 in
370 2287 552 2373 Belgicam,
579 2291 673 2352 uasta
701 2289 823 2369 omnia,
851 2289 977 2353 inculta
1004 2309 1096 2372 squa-

122 2374 236 2458 lentia,
259 2378 350 2438 muta
370 2373 551 2456 ienebrosa‚
574 2373 670 2436 eiiam
691 2371 840 2435 milliaris
862 2373 933 2436 uias
954 2371 1000 2435 iia
1023 2375 1135 2436 oon-is

122 2460 272 2544 fragosas
295 2461 327 2523 si
348 2458 481 2523 alternis
502 2457 664 2522 moniibus
687 2456 802 2520 arduas
824 2458 919 2540 sique
940 2456 1096 2541 praecipi-

121 2550 174 2609 tes
196 2547 233 2607 ui
255 2543 310 2607 uix
332 2542 509 2627 semiplena
537 2543 705 2626 carpenta,
735 2541 897 2606 interdum
920 2542 1020 2607 solam
1041 2563 1097 2605 ua-

194 2785 294 2847 2quae
307 2784 457 2839 deieceris:
476 2781 603 2832 subiecta
618 2787 661 2830 est
674 2784 701 2831 et
713 2781 843 2837 Puteanus
858 2781 862 2841 Ι
879 2778 1015 2844 eiusque]
1034 2795 1097 2830 eras

125 2865 180 2916 que
198 2850 222 2898 A
238 2849 248 2915 ΙΙ
265 2853 280 2902 o
298 2849 420 2900 uallibus
438 2851 513 2900 edd:
531 2847 615 2897 uallis
632 2848 660 2895 Ι
679 2845 736 2910 (ual
748 2847 790 2909 W)
811 2845 957 2896 canalibus
976 2845 1029 2912 (uel
1043 2847 1097 2896 cal·

124 2915 211 2982 libus)
230 2917 379 2968 latentibus
396 2917 531 2967 Acidalius
552 2913 562 2981 ΙΙ
583 2918 598 2965 7
616 2914 763 2978 uoragines
783 2917 826 2964 esi
845 2909 968 2980 [stagna]
987 2916 1095 2978 scripsi:

123 2987 259 3050 uoragine
277 2989 378 3052 stagna
391 2986 419 3033 ii
435 2985 599 3048 uoragiuum
618 2988 720 3046 stagna
731 2994 756 3029 w
774 2981 933 3046 uoraginem
952 2985 980 3031 ei
998 2986 1097 3046 stagna

124 3053 184 3104 edd.
203 3051 213 3118 ΙΙ
232 3055 264 3104 10
280 3053 389 3102 radices
407 3065 443 3100 w:
463 3051 565 3102 radicis
582 3048 636 3115 11ss
659 3052 688 3099 11
708 3049 798 3098 milies
816 3048 840 3096 A
857 3061 895 3098 w:
914 3047 992 3098 milas
1011 3055 1069 3098 ccii.
1091 3047 1094 3114 Ι

123 3118 234 3186 replis]
249 3119 447 3185 repastinando
461 3120 595 3170 Aciduiius
607 3115 617 3182 11
631 3119 663 3168 1a
677 3117 799 3166 abditam
810 3117 918 3181 scripsi:
935 3113 1056 3167 debitam
1068 3118 1098 3166 Ι

128 3186 132 3254 Ι
151 3189 241 3239 obiter
252 3191 353 3238 bociam
364 3190 472 3251 scripsi:
490 3189 630 3239 obiectam
642 3188 669 3234 H
681 3184 800 3234 debitam
813 3199 865 3234 nec
877 3184 1016 3233 obtectam
1028 3184 1095 3248 Eys-

122 3257 279 3307 senhardtue
291 3253 302 3322 l
316 3258 347 3306 lo
365 3255 431 3305 aliis
448 3269 524 3320 prou.
537 3256 555 3304 (i
567 3252 577 3321 ΙΙ
591 3256 623 3304 16
639 3254 688 3303 ubi
706 3257 767 3302 mei.
786 3252 820 3314 A;
839 3268 873 3302 an
889 3251 947 3302 ibi?
959 3249 969 3316 ΙΙ
982 3254 1013 3302 17
1033 3257 1097 3302 suni

124 3324 148 3372 A
160 3321 170 3389 ΙΙ
183 3325 214 3373 21
234 3325 328 3388 aprica
346 3325 455 3388 scripsi:
475 3327 573 3387 aperta
590 3324 619 3371 Ι
635 3321 734 3371 uberis
754 3319 790 3369 M.
804 3320 934 3384 Haupiius
946 3321 1035 3370 Herm.
1051 3320 1099 3370 IV

123 3409 151 3456 p.
171 3395 220 3442 151
238 3388 243 3455 1
265 3394 298 3440 25
316 3391 378 3440 uias
395 3391 438 3441 ita
452 3390 596 3454 Hauptius:
613 3391 661 3438 uia
679 3389 716 3437 sii
735 3401 768 3436 ac
781 3389 808 3435 H
821 3387 895 3437 Bert.
931 3388 1098 3453 confragosa

126 3459 173 3509 sed
189 3472 216 3507 w
239 3458 244 3522 Ι
274 3461 307 3510 26
326 3459 428 3509 arduas
445 3458 591 3522 Haupeius:
614 3457 708 3506 arduis
725 3456 753 3503 1
772 3454 867 3518 (ardiis
885 3455 908 3503 A
937 3454 1017 3506 ardui
1035 3467 1060 3502 w
1089 3452 1097 3518 [l

125 3529 158 3577 27
177 3527 265 3578 solum
284 3525 353 3591 (olim
370 3541 421 3576 neo
438 3527 456 3578 i.
474 3528 490 3579 i.
506 3542 535 3590 p.
553 3524 617 3588 221)
635 3525 739 3575 addidit
757 3538 805 3574 om.
822 3526 851 3573 1
