2572 3990
226 235 249 298 4
554 237 575 286 Ι.
606 235 637 286 C.
655 236 772 289 PLINII
788 229 869 289 PAN.

291 385 348 450 IV.
365 384 427 450 Sed
439 385 615 468 parendum
628 387 678 448 est
692 385 987 468 senatusconsulto,
1003 406 1066 469 quo
1080 406 1119 449 ex
1134 387 1196 449 uti-

226 470 317 534 litate
351 469 481 553 publica
538 469 640 533 lacuit
667 471 704 533 ut
725 469 865 533 consulis
892 490 970 533 uoce
1003 469 1062 542 sub
1096 470 1193 533 titulo

226 555 405 639 gratiarum
427 491 624 638 agendarum
651 553 728 617 boni
755 554 918 637 principes
941 574 1022 636 quae
1049 554 1195 619 facerent

226 641 502 724 recognoscerent,
525 637 603 701 mali
625 658 707 722 quae
729 638 834 702 facere
856 638 1018 702 deberent.
1052 637 1084 702 id
1107 660 1194 703 nunc

201 745 264 788 seo
286 724 389 808 magis
413 722 566 787 sollemne
594 743 633 786 ac
654 723 874 786 necessarium
896 726 945 786 est
972 722 1056 806 quod
1077 744 1194 806 parens

226 811 337 872 noster
358 807 503 891 priuatas
529 807 705 891 gratiarum
733 807 874 870 actiones
904 805 1031 871 cohibet
1057 812 1090 870 et
1112 827 1195 871 corn·

227 893 345 975 primit‚
374 891 606 981 intercessurus
634 891 731 954 etiam
758 890 904 973 publicis,
938 890 966 954 si
992 892 1195 974 permitteret

141 1052 144 1058 Ι
180 1049 183 1058 Ι
228 977 290 1040 sibi
311 978 419 1041 uetare
441 976 524 1059 quod
547 978 678 1040 senatus
707 974 839 1052 iuberet.
876 978 1055 1059 utrumque,
1079 973 1196 1040 Caesar

227 1063 386 1145 Auguste,
415 1058 587 1143 moderate,
618 1063 651 1124 et
677 1058 761 1144 quod
792 1057 869 1122 alibi
905 1059 965 1123 tibi
992 1059 1115 1144 gratias
1142 1060 1196 1143 agi

189 1165 294 1208 10ncn
321 1144 400 1208 sinis
428 1147 461 1208 et
487 1144 572 1228 quod
599 1143 652 1208 hic
679 1145 768 1208 sinis.
813 1164 881 1207 non
909 1143 995 1207 enim
1023 1165 1042 1206 a
1068 1147 1101 1208 te
1133 1145 1196 1226 ipsi

228 1229 288 1292 tibi
317 1227 420 1294 honor
447 1229 508 1293 iste
541 1229 597 1293 sed
630 1229 799 1312 agentibus
833 1227 980 1292 habetur.
1035 1227 1121 1292 cedis
1151 1228 1196 1292 af·
1278 1245 1279 1284 3

228 1313 365 1378 feotibus
391 1313 521 1397 nostris,
550 1334 610 1377 nec
638 1313 733 1378 nobis
754 1334 888 1376 munera
915 1315 971 1376 tua
999 1312 1194 1395 praedicare,

229 1399 283 1462 scd
306 1398 415 1462 audire
437 1397 496 1461 tibi
510 1419 641 1462 necesse
657 1399 714 1462 est.
738 1419 831 1480 saepe
847 1417 908 1482 ego
930 1417 1065 1479 mecum,
1087 1399 1194 1480 patres

229 1482 413 1566 conscripti,
447 1481 563 1546 tacitus
586 1481 709 1566 agitaui
732 1482 859 1565 qualem
880 1484 1097 1565 quantumque
1125 1502 1194 1545 esse
1278 1489 1279 1530 ἱ

190 1586 215 1626 15
229 1570 389 1650 oporteret
422 1567 510 1631 cuius
532 1566 657 1631 dicione
684 1569 827 1649 nutuque
854 1566 958 1629 maria
978 1568 1094 1647 terrae,
1131 1587 1194 1649 pax
1278 1619 1279 1630 2

227 1651 311 1716 bolla
332 1655 536 1749 regerentur3
565 1673 638 1715 cum
667 1651 788 1714 interea
814 1649 951 1736 fingenti
979 1649 1195 1734 formantique

227 1735 307 1800 mihi
341 1737 520 1820 principem
558 1757 653 1820 quem
690 1737 825 1820 aequata
869 1735 918 1798 dis
959 1734 1194 1798 immortalibus
1278 1757 1279 1806 ῑ

227 1823 369 1903 potestas
398 1822 533 1903 deceret,
562 1841 739 1903 numquam
766 1821 841 1883 uoto
876 1819 989 1882 saltem
1024 1819 1193 1901 concipere
1278 1839 1279 1900 3

229 1905 385 1968 succurrit
412 1904 548 1968 similem
576 1903 650 1967 huic
679 1925 773 1986 quem
802 1901 955 1966 uidemus.
993 1903 1109 1966 enituit
1137 1903 1195 1966 ali·
1278 1913 1279 1940 ³

191 2008 216 2046 ²⁰
230 1989 299 2136 ddd
307 1989 375 2136 nhnn
390 1986 774 2136 hillddmhehohhhotherdddt
782 1985 1193 2134 inrehddddtiddhuffildothh'

230 2177 312 2239 rore,
341 2155 423 2219 aliur
453 2175 594 2219 amorem
621 2154 803 2218 humilitate
832 2155 990 2238 captauit:
1018 2155 1073 2219 ille
1103 2177 1198 2240 quae-

231 2241 325 2304 sitam
348 2238 433 2304 domi
456 2240 592 2325 gloriam
614 2239 650 2302 in
671 2238 812 2324 publico,
835 2237 888 2303 hic
911 2239 945 2303 in
967 2239 1097 2323 publico
1127 2258 1197 2322 par·

230 2327 298 2389 tam
326 2324 411 2388 domi
439 2323 596 2408 perdidit:
627 2326 788 2408 postremo
823 2321 928 2388 adhuc
960 2344 1056 2388 nemo
1089 2325 1198 2388 extitit

192 2427 219 2468 25
232 2409 321 2474 cuius
348 2409 484 2473 uirtutes
510 2408 599 2472 nullo
632 2409 783 2473 uitiorum
817 2407 955 2475 confinio
983 2407 1196 2474 laederentur.

231 2496 266 2557 at
287 2493 424 2578 principi
447 2495 560 2557 nostro
582 2497 700 2577 quanta
722 2492 893 2557 concordia
908 2495 1107 2576 quantusque
1123 2513 1198 2556 con·

232 2581 344 2642 centus
372 2578 515 2641 omniurn
541 2573 672 2640 laudum
700 2577 866 2660 omniaque
895 2577 1017 2661 gloriae
1045 2577 1196 2674 configit!

231 2665 269 2725 ut
282 2660 363 2725 nihil
379 2661 542 2726 seueritati
564 2661 631 2725 cius
654 2661 827 2742 hilaritate,
850 2660 932 2726 nihil
953 2661 1109 2745 grauitatl
1125 2663 1197 2724 sim·
1277 2675 1278 2716 ἑ

234 2747 388 2832 plicitate,
404 2744 491 2844 'nihil
512 2745 674 2809 maiestati
697 2744 896 2810 humanitate
918 2744 1110 2810 detrahitur!
1133 2747 1199 2808 iam
1277 2757 1278 2766 ¹

194 2853 221 2892 aa
234 2831 378 2912 firmitas,
402 2852 466 2895 iam
487 2830 662 2914 proceritas
686 2830 838 2913 corporis,
866 2829 930 2893 iam
952 2829 1056 2894 honor
1084 2829 1198 2913 capitis

178 2940 182 2951 ·
233 2919 266 2981 et
287 2917 428 3001 dignitas
451 2917 525 2998 oris,
548 2915 586 2978 ad
610 2915 671 2979 hoc
694 2915 809 2979 aetatis
838 2913 1001 2979 indefecta
1027 2915 1198 2977 maturitas

233 3022 294 3066 nec
316 3003 385 3065 sine
407 2999 545 3084 quodam
571 3020 702 3063 munere
724 3000 819 3064 deum
841 2998 1003 3063 festinatis
1026 2999 1198 3063 senectutis

300 3157 313 3204 1
334 3169 386 3219 quo
404 3156 451 3204 W:
470 3153 541 3220 quod
558 3153 642 3202 ΒΗ
666 3151 676 3218 ll
701 3155 733 3204 10
750 3154 805 3217 ipsi
822 3153 995 3204 Sctwcrriua:
1013 3152 1073 3218 ipso
1091 3154 1119 3200 Ι
1135 3149 1146 3218 ΙΙ
1169 3155 1199 3201 11

235 3218 383 3286 agentibus
402 3221 575 3273 Scbwcrziua:
593 3221 628 3269 ab
648 3221 794 3285 agentibus
811 3221 839 3268 Μ
854 3217 864 3285 ΙΙ
882 3223 915 3270 14
933 3219 1043 3284 qualem
1060 3235 1094 3269 ac
1112 3234 1201 3283 quan-

234 3294 292 3339 tum
311 3302 336 3337 w
352 3286 363 3353 ss
381 3291 414 3340 20
432 3289 568 3340 abroleuit
586 3289 603 3335 0
621 3288 662 3348 W,
680 3290 728 3338 sed
744 3289 770 3338 ia
788 3289 835 3338 boc
852 3303 921 3340 corr.
939 3304 996 3336 mun
1012 3303 1066 3341 ree.
1079 3283 1089 3352 l
1102 3290 1135 3338 23
1154 3287 1200 3337 hic

236 3358 265 3406 in
283 3354 393 3420 publico
412 3358 442 3405 0:
462 3373 508 3408 om.
526 3357 547 3404 B
565 3355 587 3404 V
602 3355 635 3404 W
657 3353 669 3420 {l
692 3357 725 3406 26
746 3360 917 3420 contemptus
935 3368 960 3402 w
984 3352 994 3419 ΙΙ
1017 3357 1050 3404 29
1073 3355 1114 3404 ita
1131 3354 1201 3404 nihil

236 3424 301 3477 mai.
319 3437 345 3472 v
365 3430 424 3486 poet
440 3440 494 3476 rae.
514 3427 549 3473 20
566 3425 614 3474 titt.
639 3420 649 3487 ll
672 3425 705 3474 31
727 3421 871 3473 indefecte
887 3424 996 3486 scripsi:
1018 3421 1156 3472 indeflexa
1173 3423 1201 3469 Ι

235 3491 338 3541 inflexa
355 3489 503 3542 Beroaldus
521 3491 663 3541 indefessa
679 3491 819 3540 Paroreius
835 3487 895 3554 [132
913 3490 1056 3539 festinatis
1075 3503 1105 3556 g:
1124 3490 1202 3540 festi·

236 3560 329 3610 nantis
347 3562 383 3610 Ι.
849 3580 853 3587 ’

1274 3317 1277 3514 l
