2572 3990
450 188 609 242 nummo
627 191 661 244 n.
680 193 788 244 14-16.
911 211 915 218 ·
1063 194 1107 258 15

137 339 242 404 uisere
262 338 494 422 uisendumque
515 339 641 402 tradere
663 339 840 405 minoribus
863 342 928 406 suis
950 343 1105 428 gestient,
1126 369 1127 372 ¹

138 423 207 506 quis
236 423 367 487 sudores
394 426 465 487 tuos
484 423 625 487 hauserit
648 445 786 508 campuS,
811 447 890 508 quae
912 427 1102 492 refectiones

136 510 208 570 tuas
231 507 370 590 arbores,
394 529 474 590 quae
497 528 643 572 somnum
667 529 744 572 saxa
765 510 993 592 praetexerint,
1018 513 1102 594 quod

136 591 273 676 denique
295 594 414 656 tectum
437 613 573 676 magnus
595 591 712 675 hospes
740 592 933 677 impleueris‚
960 599 997 658 ut
1024 599 1102 660 tunc

134 676 197 760 ipsi
213 676 273 740 tibi
287 676 468 760 ingentium
480 676 596 740 ducum
612 699 702 741 sacra
717 677 855 762 uestigia
877 678 977 743 isdem
999 679 1034 742 in
1055 679 1131 744 los

138 763 183 824 eis
205 760 476 825 monstrabantur.
514 783 624 824 uerum
647 760 727 826 haec
749 761 841 826 olim:
863 763 899 826 in
919 765 1101 848 praesentia
1160 761 1164 763 ’

135 843 273 928 quidem,
297 845 437 928 quisquis
458 844 552 928 paulo
575 847 731 911 uetustior
752 847 853 930 miles,
881 847 935 912 hic
963 850 995 912 tc
1018 869 1102 914 corn·
1142 874 1198 968 γ

133 929 280 993 militone
310 933 466 994 censetur.
506 932 622 1012 quotus
658 931 744 995 enim
779 931 912 1015 quisque
945 933 1033 996 cuius
1064 937 1101 996 tu
1140 969 1146 979 ι

134 1035 202 1077 ιιοιι
225 1017 300 1078 ante
322 1013 832 1111 commilitonum-imperatur?
854 1015 929 1113 inde
950 1017 1101 1100 estquod

132 1119 234 1246 titt
252 1099 1100 1275 tt:tnttt'ta{Pttltuttttttttttt
1114 1123 1142 1162 ²⁰

132 1267 192 1331 tibi
220 1288 280 1350 pro
301 1288 336 1331 re
358 1267 487 1350 publica
509 1267 652 1352 uulnera,
680 1269 795 1352 quibus
817 1269 926 1334 statim
953 1270 1101 1334 laudator

132 1356 166 1416 et
186 1351 279 1416 testis
303 1352 477 1437 contigisti.

195 1435 285 1501 XVI.
308 1435 370 1500 Sed
392 1441 485 1501 tanto
501 1437 605 1522 magis
627 1437 843 1521 praedicanda
860 1441 910 1502 est
920 1439 1098 1503 moderatio

132 1523 188 1584 tua
204 1519 290 1604 quod
308 1521 483 1585 innutritus
501 1521 624 1586 bellicis
638 1522 784 1586 laudibus
801 1543 912 1607 pacem
929 1545 1016 1586 amas
1027 1542 1141 1607 nec,15

133 1605 207 1688 quia
229 1605 281 1670 uel
303 1609 395 1688 pater
415 1606 476 1669 tibi
502 1605 709 1688 triumphalis
736 1607 788 1669 uel
816 1606 997 1688 adoptionis
1023 1610 1099 1670 tuae

133 1690 183 1752 die
199 1689 305 1753 dicata
318 1688 502 1772 Capitolino
517 1687 588 1754 Ioui
602 1690 722 1772 laurus,
745 1689 863 1753 idcirco
879 1710 916 1752 ex
933 1691 1099 1754 occasione

132 1779 219 1837 ornni
240 1764 367 1857 quae'ris
389 1771 579 1857 triumphos.
616 1795 681 1838 non
709 1773 802 1838 times
829 1773 913 1836 bella
939 1794 1000 1838 nec
1027 1795 1098 1858 pro-

124 1863 240 1922 uocas.
277 1879 431 1942 magnum
460 1862 519 1941 est,
552 1859 728 1942 imperator
754 1860 910 1942 Auguste,
945 1878 1098 1942 magnum

132 1945 181 2005 est
208 1945 294 2006 stare
321 1943 356 2006 in
379 1942 521 2006 Danuuii
548 1944 628 2028 ripa,
658 1943 685 2006 si
707 1947 862 2025 transeas
891 1945 1012 2006 certum
1040 1943 1097 2006 tri·
1111 1963 1139 2005 so

131 2026 252 2110 umphi,
292 2049 354 2092 neo
391 2029 554 2093 decertare
595 2049 710 2112 cupere
749 2049 821 2092 cum
859 2027 1098 2110 recusantibus3

57 2190 62 2200 υ
129 2132 265 2258 puerum
287 2111 422 2176 alterum
444 2111 641 2192 fortitudine,
665 2113 801 2177 alterum
824 2111 1097 2176 moderationeef-

153 2196 244 2260 citur.
293 2217 368 2260 nam
390 2199 427 2260 ut
447 2197 516 2280 ipse
537 2197 621 2261 nolis
643 2218 788 2280 pugnare
817 2196 1006 2274 moderatio,
1033 2196 1097 2260 for-

130 2280 234 2344 titudo
248 2282 305 2343 tua
320 2283 464 2364 praestat
474 2284 511 2344 ut
521 2303 624 2364 neque
639 2280 746 2345 hostes
762 2280 810 2344 tui
824 2281 936 2345 uelint.
960 2280 1097 2364 accipiet

131 2385 207 2448 ergo
230 2363 403 2448 aliquando
426 2363 619 2448 Capitolium
641 2386 709 2429 non
730 2365 875 2429 mimicos
898 2385 1008 2428 currus
1035 2387 1096 2429 nec
1109 2382 1137 2423 ιι

128 2448 231 2514 falsae
259 2449 430 2515 simulacra
457 2450 621 2532 uictoriae,
649 2449 705 2514 sed
731 2449 955 2533 imperatorem
988 2470 1096 2512 ueram

128 2555 166 2598 ac
194 2533 331 2598 solidam
359 2534 506 2619 gloriam·
521 2537 739 2618 reportantem
766 2533 1035 2617 tranquillitatem
1064 2538 1097 2598 et

128 2621 194 2681 tam
224 2617 371 2682 confessa
392 2618 532 2683 hostium
560 2619 713 2702 obsequia
739 2621 776 2682 ut
796 2617 974 2683 uincendus
1002 2639 1096 2683 nemo
1151 2693 1155 2698 ¹

127 2701 233 2770 fue'rit.
271 2703 411 2788 pulcrius
432 2703 493 2768 hoe
508 2703 655 2768 omnibus
677 2703 857 2786 triumphis.
891 2703 1095 2786 nequeenim

127 2808 278 2870 umquam
304 2787 369 2852 nisi
397 2808 436 2850 ex
464 2790 651 2870 contemptu
684 2787 810 2870 imperii
842 2786 945 2851 nostri
972 2785 1095 2850 facturn
1122 2803 1149 2844 so

128 2874 177 2935 est
203 2875 241 2936 ut
266 2871 478 2936 uinceremus.
522 2872 606 2955 quod
634 2871 661 2934 si
688 2871 759 2954 quis
787 2870 944 2934 barbarus
971 2890 1027 2932 rex
1057 2891 1095 2935 co

126 2954 320 3020 insolentiae
342 2955 521 3039 furorisque
543 2955 736 3040 processerit
763 2957 799 3017 ut
824 2954 904 3018 iram
931 2957 1018 3018 tuam
1047 2954 1095 3018 in-

128 3093 331 3103 m.-

195 3178 281 3227 sisi
304 3185 330 3228 et
352 3192 432 3228 sacra
454 3193 501 3228 om.
523 3178 556 3228 W
585 3175 595 3244 ΙΙ
626 3175 720 3246 thio]
746 3177 797 3245 hee
820 3180 838 3226 0
867 3173 877 3240 ΙΙ
907 3179 930 3228 9.
946 3177 1096 3229 commilito

126 3244 213 3294 om.B
238 3193 256 3312 ll
284 3247 314 3296 11
334 3245 414 3296 sacta
432 3262 478 3298 om.
498 3245 530 3295 W
560 3243 570 3312 ss
602 3247 633 3296 12
652 3250 681 3296 et
698 3245 827 3296 laudator
844 3245 876 3294 W
905 3241 915 3310 ΙΙ
944 3247 978 3295 20
1002 3251 1093 3296 certus

126 3311 355 3378 thtrinmphir
372 3313 404 3362 W
433 3310 443 3378 ΙΙ
472 3315 505 3364 23
523 3313 604 3364 nobis
621 3311 682 3362 Η
711 3311 721 3378 Ι]
750 3315 784 3363 24
805 3313 927 3378 accipiet
945 3319 972 3362 et
989 3314 1093 3378 ergoB

128 3380 300 3438 Vrunul)
331 3377 341 3446 l
371 3382 404 3431 25
422 3381 546 3432 mimicos
573 3382 720 3432 Liuineius:
747 3381 873 3430 inimicus
890 3381 918 3429 Π
946 3377 956 3444 ΙΙ
986 3381 1018 3430 28
1037 3384 1093 3429 tam

127 3446 170 3495 W:
193 3454 287 3500 tamen
310 3449 494 3498 cvtantum
517 3449 538 3497 B
570 3447 577 3514 Ι
608 3449 742 3514 obsequia
764 3453 796 3498 ut
817 3447 969 3500 uincendus
990 3460 1027 3496 w:
1046 3447 1092 3496 ob·

127 3517 205 3580 sequi
223 3521 272 3566 sut
289 3515 426 3566 incendiis
444 3517 479 3571 Π,
