2586 3996
204 137 268 202 310
527 139 588 190 xm
618 137 752 190 raeiri
770 140 851 192 riu.

206 288 398 374 crepitantia
424 289 510 351 torto
544 309 649 372 angue
677 289 780 374 flagra
802 290 975 437 ⁸quatiebas
1008 312 1049 354 ne
1077 293 1176 356 morti

205 372 884 542 didedtastitdidairiipiondrddrgdldldilderet,
907 480 948 523 ne
971 460 1074 524 cultus
1098 461 1177 526 oIIm

836 396 890 438 um
919 379 1176 441 sacrosanctum·
1272 399 1273 420 ἢ

204 545 280 605 tuus
303 563 340 606 ao
355 541 505 625 deinceps
520 542 658 606 fratrum
672 563 770 625 purus
785 542 950 607 funestum
972 544 1175 629 sanguinem,

179 625 258 690 ancl
273 625 349 692 dum
370 624 561 709 uindicatur,
584 626 753 710 acciperet,
776 648 818 691 ne
833 630 994 711 postremo
1008 631 1041 692 te
1062 650 1176 694 manus

204 707 410 860 ulcirstceretur
440 711 572 796 tyranni
605 714 639 775 et
667 710 797 776 deberes
826 710 967 776 Maximo
1000 713 1051 778 uel
1084 735 1177 778 suam

100 837 105 843 -
204 817 257 859 ino
291 817 350 860 em.

270 878 387 944 XLIII.
408 879 453 944 Et
466 879 563 964 plane
581 879 629 943 ite
646 883 760 944 cuncta
781 879 965 944 ceciderunt
978 883 1097 946 utnon
1111 903 1177 946 ser-

94 990 98 998 1
205 965 281 1026 uate
303 964 396 1028 modo
419 963 514 1046 ultio,
538 963 593 1028 sed
615 963 763 1028 ordinata
785 964 940 1030 uideatur.
981 987 1056 1030 nem
1078 967 1175 1048 unde,

167 1069 194 1108 ιο
206 1067 333 1130 quaeso,
356 1050 425 1111 tam
446 1047 616 1131 repentina
640 1049 806 1113 conuersio
828 1051 864 1114 ut
885 1049 941 1133 qui
962 1052 1114 1135 oppetere
1137 1052 1177 1114 ti-

205 1133 329 1195 muerat
350 1131 518 1196 interitum
544 1152 612 1198 non
634 1133 764 1197 timeret
784 1155 823 1198 ex
848 1138 934 1198 etere
957 1137 989 1198 et
1010 1157 1105 1218 quem
1127 1136 1178 1198 in·

207 1216 345 1280 cluserat
370 1219 475 1281 metus
496 1217 658 1301 proferret
685 1155 846 1282 audaciai
888 1218 967 1283 hinc
993 1218 1083 1283 nulla
1111 1219 1177 1283 iam

205 1300 328 1384 reliqua
356 1301 548 1366 festinandis
576 1300 671 1366 rebus
699 1323 806 1367 mora:
829 1305 988 1368 actutum
1010 1303 1178 1368 fortissimi

206 1384 303 1448 duces
328 1385 517 1452 instruendo
546 1386 760 1470 accinguntur
781 1387 960 1471 triumpho,
989 1389 1087 1472 capiti
1109 1388 1177 1452 dia·
1272 1417 1273 1470 ἒ

169 1491 194 1533 15
208 1469 300 1533 derna
332 1469 506 1554 decutitur,
542 1469 682 1534 humeris
715 1472 813 1536 uestis
844 1471 1002 1554 aufertur,
1039 1472 1177 1555 pedibus

208 1560 339 1618 ornatus
373 1554 536 1636 euellitur,
573 1558 662 1619 totus
690 1555 764 1620 deni
787 1577 825 1620 ue
853 1556 949 1620 horno
977 1558 1108 1639 aptatur
1137 1557 1179 1621 ad

206 1639 367 1702 meritum.
393 1638 522 1724 publice
543 1638 688 1723 publicus
711 1577 864 1724 spoiiator
886 1641 1020 1724 exuitur,
1043 1643 1177 1705 nectim-

208 1724 260 1786 tur
287 1745 402 1787 manus
429 1733 575 1808 rapaceS,
608 1725 771 1788 nudantur
799 1746 891 1789 crura
912 1725 1066 1810 fugitiua,
1099 1724 1177 1788 talis

208 1805 343 1890 denique
371 1808 435 1872 tuis
465 1808 596 1872 offertur
624 1809 724 1873 oculis
754 1810 878 1893 qualem
908 1809 1014 1874 offerri
1042 1809 1178 1874 decebat

107 1897 109 1901 ’
169 1913 195 1954 ao
208 1891 323 1956 uictori
338 1913 374 1956 ca
397 1895 476 1976 turn,
494 1892 622 1957 domino
637 1914 773 1977 seruum,
792 1894 978 1977 imperatori
991 1897 1178 1977 tyrannum.

207 1996 268 2039 nec
288 1978 325 2039 tu
346 1915 446 2062 ilitm,
469 1999 531 2060 qua
552 1999 586 2042 es
602 1976 782 2060 clementia,
805 1979 840 2042 in
863 1980 1070 2061 conspectum
1085 1981 1179 2043 tuum

207 2059 317 2124 uenire
346 2061 516 2140 uoluisses
548 2083 590 2125 ne
612 2062 719 2125 oculos
741 2062 821 2125 istos
849 2063 997 2127 omnibus
1020 2063 1178 2126 salutares

206 2142 303 2207 homo
325 2143 469 2208 funebris
492 2145 649 2228 impiaret,
672 2145 736 2209 nisi
755 2146 878 2210 famam
900 2146 1066 2211 confutare
1088 2167 1178 2209 men-

209 2225 294 2291 dacii
320 2229 415 2311 teque
465 2249 581 2313 urgere
614 2228 726 2294 eodem
753 2232 836 2295 teste
867 2252 929 2314 quo
958 2229 1179 2294 insimulatore

169 2331 196 2374 as
209 2311 375 2390 uoluisses.
406 2251 504 2377 hatet
525 2313 655 2398 ultores,
677 2313 777 2379 habet
798 2315 906 2380 nescio
929 2335 1008 2398 quos
1029 2315 1179 2379 internos

208 2417 299 2460 mens
321 2397 476 2462 scelerata
500 2399 665 2463 carnifices
688 2401 744 2463 aut
765 2399 835 2483 ipsa
853 2399 914 2464 sibi
937 2398 1080 2463 carnifex
1103 2419 1179 2463 con-

209 2482 344 2545 scientia
372 2484 421 2546 est
449 2485 519 2564 aut,
547 2482 629 2566 quod
653 2483 756 2568 magis
778 2484 888 2566 credo,
920 2483 1019 2549 omni·
1036 2483 1180 2548 seuerius

209 2567 259 2631 est
285 2565 473 2649 quaestione
502 2589 521 2630 a
546 2571 580 2630 te
607 2567 810 2652 interrogari.
855 2567 894 2632 ad
923 2569 1060 2651 primam
1087 2570 1180 2631 tuam

209 2670 321 2714 uocem
357 2651 480 2715 nefario
511 2649 635 2735 pectori
672 2673 804 2716 excussa
841 2653 999 2718 confessio
1033 2654 1082 2716 est
1118 2673 1180 2716 nec

154 2739 197 2795 'ee
211 2735 356 2800 cunctari
378 2734 490 2801 saltem
518 2739 574 2800 eut
593 2737 762 2801 mussitare
784 2738 890 2821 potuit
911 2738 989 2821 quin
1011 2736 1181 2802 consilium

210 2840 304 2883 omne
334 2819 484 2904 nudaret,
519 2840 554 2884 se
584 2820 735 2886 uidelicet
764 2821 884 2886 fauoris
914 2822 962 2886 tui
995 2820 1181 2885 obtendisse

278 3061 294 3108 2
313 3058 391 3109 illum
409 3064 589 3124 sanctumque
607 3060 683 3112 Bere.
707 3057 717 3126 ΙΙ
742 3064 758 3112 3
778 3076 811 3110 ne
830 3059 920 3110 cultus
939 3073 976 3108 v:
995 3074 1046 3109 neo
1063 3057 1140 3108 ultus
1159 3060 1183 3107 A

209 3140 263 3175 nee
280 3126 374 3178 uultus
390 3128 439 3175 Bc
448 3126 469 3174 V
481 3125 521 3191 114
539 3142 621 3190 purus
639 3129 747 3192 scripsi:
765 3129 875 3178 futurus
890 3125 984 3192 11111
1004 3124 1041 3192 et]
1061 3130 1092 3175 ut
1103 3125 1182 3176 Bert.

206 3187 220 3255 ,ΙΙ
239 3193 270 3240 12
288 3192 334 3244 hie
352 3195 388 3255 u,
405 3197 513 3244 correct
532 3191 542 3259 tt
566 3196 599 3246 15
616 3193 759 3246 deducitur
776 3197 809 3243 W
830 3193 840 3259 ΙΙ
865 3196 897 3245 18
914 3195 1034 3258 fugitiuo
1051 3196 1091 3252 Π,
1111 3209 1183 3249 corr.

211 3259 346 3310 Acidaliae
358 3259 368 3326 ΙΙ
382 3264 413 3312 19
432 3261 547 3312 dicebat
558 3261 581 3310 A
593 3259 603 3328 ΙΙ
616 3264 648 3312 22
667 3278 702 3313 ne
715 3264 749 3312 A:
768 3278 818 3313 neo
830 3262 950 3313 BGVW
962 3259 972 3326 ΙΙ
985 3264 1018 3313 23
1037 3262 1142 3311 funeris
1154 3262 1182 3309 1

211 3321 220 3390 tl
237 3327 270 3376 25
287 3325 392 3378 ultores
410 3329 567 3394 Scheffernr,
585 3345 648 3396 epo:
665 3333 742 3380 utres
760 3330 783 3379 A
800 3333 876 3380 utros
892 3330 979 3379 BGV
995 3343 1061 3378 uero
1079 3341 1104 3376 π
1119 3328 1125 3393 Ι
1140 3330 1183 3378 in·

211 3393 345 3443 ternosA
373 3393 383 3459 11
411 3398 444 3444 at
462 3401 510 3446 aut
528 3397 599 3461 quod
615 3428 649 3438 -
666 3399 699 3448 29
721 3397 1019 3449 confermentans
1047 3391 1057 3459 ΙΙ
1085 3397 1119 3446 28
1138 3402 1184 3447 est

213 3461 376 3526 quaestione
395 3463 485 3512 Bert:
509 3466 669 3528 quaestione
690 3470 732 3515 est
750 3467 778 3512 Μ
801 3463 811 3529 ΙΙ
835 3467 867 3516 30
885 3464 1016 3515 mutitare
1033 3464 1055 3511 B
1073 3465 1091 3510 c
1108 3464 1131 3511 V
1150 3465 1184 3513 W
