2586 3996
319 211 530 262 THEODOSIO
548 209 718 261 aucusro
737 211 772 264 n.
797 213 905 262 ar-ro.
1030 208 1092 272 297

127 358 237 442 pulsus
265 362 328 441 est,
363 359 456 422 alteri
484 360 630 423 manibus
663 359 834 423 satellitum
864 359 1093 422 Britannorum

127 444 203 527 gula
224 443 311 506 domi
331 443 437 507 fracta
459 446 492 507 et
514 444 621 507 inusta
639 443 794 508 femineae
816 443 927 507 mortis
949 442 1093 526 infamia,

127 532 164 591 ut
185 527 308 591 scilicet
328 527 478 591 maluisse
501 529 551 591 uir
572 527 649 591 ferri
672 528 910 591 amantissimus
932 527 1094 592 uideretur

126 611 239 694 laqueo
259 613 364 695 perire
385 633 481 694 quam
496 611 612 696 gladio.
641 611 696 676 sed
717 613 752 674 in
774 612 846 676 illos
864 612 1002 676 fortasse
1025 632 1094 694 spe-

127 696 224 760 ciales
250 698 417 780 putaretur
442 695 590 760 habuisse
618 696 761 760 odiorum
790 717 900 760 causas
925 699 1120 780 tyrannuss

126 783 261 844 steterat
284 781 370 844 enim
392 783 524 863 uterque
548 781 582 844 in
605 781 673 844 acie
697 780 845 845 Gratiani
867 784 900 844 et
922 780 1094 845 Gratianus

126 867 297 947 utrumque
319 865 484 928 dilexerat.
520 865 596 947 quid
618 865 657 928 de
679 865 730 928 his
753 865 894 928 dicemus
917 866 971 947 qui
993 864 1094 928 hono·

126 969 196 1011 rum
223 969 259 1011 ac
280 949 464 1032 principum
484 950 585 1013 nescii
612 955 644 1013 et
665 951 792 1013 tantum
815 949 898 1012 inter
920 971 993 1012 suos
1017 948 1094 1013 clari

125 1032 251 1095 nobiles
274 1033 397 1096 animas
420 1033 479 1096 sub
501 1033 649 1097 carnifice
670 1032 848 1098 fuderunt?

117 1165 119 1168 -
189 1114 309 1179 XXIX.
354 1115 403 1180 De
431 1117 573 1181 uirorum
600 1118 755 1182 mortibus
784 1117 910 1200 loquor,
940 1139 1012 1181 cum
1039 1117 1133 1180 de-1o

126 1220 273 1264 scensum
306 1201 452 1265 recorder
485 1202 524 1265 ad
553 1204 743 1286 sanguinem
771 1202 962 1266 feminarum
995 1205 1027 1264 et
1059 1201 1094 1263 in

126 1305 236 1348 sexum
259 1286 309 1348 cui
332 1285 424 1348 bella¹
438 1289 575 1368 parcunt
595 1307 673 1368 pace
696 1285 876 1349 saeuitum?
921 1285 976 1348 sed
998 1284 1093 1347 nimi-

126 1389 197 1431 rum
226 1388 340 1451 graues
369 1368 522 1432 suberant
542 1369 782 1451 inuidiosaeque
811 1389 924 1433 causae
951 1377 987 1431 ut
1010 1389 1093 1431 unco

127 1452 167 1515 ad
181 1471 319 1534 poenam
341 1452 418 1515 clari
433 1452 518 1515 uatis
539 1455 685 1516 matrona
699 1456 873 1536 raperetur.
897 1451 1095 1516 obiciebatur

127 1536 212 1600 enim
241 1539 337 1618 atqua
365 1536 462 1599 etiarn
483 1537 679 1618 probabatur
706 1537 831 1601 mulieri
853 1537 968 1600 uiduae
994 1537 1094 1600 nimia
1107 1554 1134 1594 15

125 1619 240 1703 religio
263 1622 295 1682 et
310 1619 496 1704 diligentius
519 1621 604 1684 culta
622 1620 782 1686 diuinitas.
812 1621 887 1704 quid
910 1622 970 1684 hoc
992 1620 1093 1684 maius

149 1706 252 1768 oterat
284 1704 449 1768 intendere
486 1707 653 1769 accusator
685 1705 856 1770 sacerdos?
900 1705 963 1768 fuit
996 1705 1092 1785 enim,

126 1727 189 1851 luit
211 1791 243 1852 et
257 1787 318 1853 hoc
334 1789 512 1852 delatorum
526 1811 629 1873 genus
652 1791 706 1872 qui
722 1790 905 1853 nominibus
921 1788 1093 1871 antistitae,

126 1894 259 1936 reuera
287 1875 394 1935 autem
416 1873 570 1937 satellites
598 1877 693 1957 atque
717 1875 795 1937 adeo
817 1873 996 1956 carnifices,
1026 1894 1093 1936 non

127 1957 269 2020 contenti
290 1957 423 2021 miseros
452 1958 548 2022 auitis
570 1958 726 2022 euoluisse
748 1957 948 2042 patrimoniis
977 1957 1093 2021 calum·
1106 1977 1135 2016 ao

124 2040 298 2106 niabantur
319 2041 353 2104 in
376 2043 569 2126 sanguinem
599 2046 631 2106 et
652 2044 735 2106 uitas
757 2043 946 2125 premebant
966 2063 1093 2106 reorum

125 2125 189 2188 iam
211 2147 398 2208 pauperum,
423 2127 499 2210 quin
522 2127 629 2209 etiam,
657 2149 729 2190 curn
751 2126 877 2191 iudiciis
900 2126 1092 2209 capitalibus

127 2210 318 2289 astitissent,
362 2232 434 2274 cum
468 2212 607 2294 gemitus
642 2215 674 2274 et
705 2215 865 2276 tormenta
903 2213 1092 2274 miserorum

126 2293 254 2355 auribus
278 2314 315 2356 ac
330 2293 504 2357 luminibus
519 2294 711 2377 hausissent,
735 2317 807 2359 curn
821 2296 972 2359 lictorum
994 2317 1092 2374 arma,

127 2398 199 2440 cum
222 2376 444 2440 damnatorum
466 2377 558 2441 frena
580 2381 784 2462 tractassent,
806 2379 945 2462 pollutas
963 2379 1136 2459 poenalia

126 2462 278 2524 contactu
304 2482 416 2525 manus
442 2462 482 2524 ad
504 2484 595 2526 sacra
619 2462 804 2526 referebant
831 2466 863 2527 et
885 2463 1092 2526 caerimonias

126 2566 204 2628 quas
232 2546 470 2610 incestauerant
497 2546 657 2611 mentibus
690 2546 787 2611 etiam
821 2547 1006 2630 corporibus
1035 2547 1092 2610 im-

124 2629 268 2713 piabant.
311 2630 370 2694 hos
391 2630 446 2694 ille
469 2631 592 2695 Falaris
620 2632 654 2694 in
680 2631 791 2696 amicis
813 2631 969 2713 habebat,
1001 2630 1036 2694 hi
1058 2632 1093 2693 in

125 2714 225 2778 oculis
248 2713 314 2778 eius
337 2716 433 2798 atque
456 2716 551 2779 etiam
573 2716 608 2779 in
625 2716 740 2779 osculis
763 2719 868 2798 erant3
891 2736 951 2777 nec
966 2714 1091 2796 iniuria,

126 2819 144 2860 a
167 2797 280 2880 quibus
302 2801 352 2861 tot
373 2797 469 2862 simul
490 2799 601 2863 uotiua
623 2800 812 2863 ueniebant:
835 2819 934 2861 auaro
956 2797 1092 2861 diuitum
1106 2816 1134 2856 ro

124 2881 209 2978 bona
215 2929 225 2978 3
254 2885 387 2945 cruento
416 2882 634 2947 innocentium
656 2903 774 2965 poena,
804 2882 902 2965 impio
929 2881 1093 2965 religionis

124 2987 251 3029 rnruna.

194 3191 208 3237 7
231 3187 349 3238 dicemus
368 3202 397 3253 g:
427 3187 542 3238 dicimus
559 3191 587 3236 Η
616 3185 625 3252 ΙΙ
659 3191 687 3238 11
708 3186 785 3254 fem]
805 3188 948 3238 mulierum
966 3200 990 3234 w
1019 3183 1030 3251 [1
1061 3188 1091 3236 12

124 3269 194 3318 pace
213 3256 307 3305 Franc.
324 3257 443 3307 Modica:
461 3270 543 3320 parce
561 3253 650 3321 (parta
669 3254 704 3318 Δ)
722 3257 748 3303 11
766 3256 840 3306 Bere.
859 3271 914 3304 non
932 3270 1015 3319 parce
1034 3268 1058 3302 w
1078 3252 1089 3318 ll

125 3324 158 3371 14
177 3321 321 3372 clarinatis
339 3323 412 3373 Bert.
437 3320 447 3386 ss
472 3325 503 3373 15
523 3323 608 3373 etiam
625 3323 843 3388 exprobrabatur
860 3325 919 3373 edd.
951 3320 961 3388 ΙΙ
990 3325 1023 3372 20
1041 3323 1093 3370 mi-

124 3403 199 3440 seros
217 3390 240 3438 Δ
257 3388 348 3440 Baras
369 3408 416 3442 om.
434 3391 455 3438 B
473 3393 490 3439 c
507 3391 530 3438 V
547 3390 579 3438 W
605 3392 610 3452 Ι
636 3387 784 3454 euoluisse]
804 3390 939 3454 spoliasse
958 3404 982 3438 w
1015 3387 1025 3454 ΙΙ
1059 3389 1092 3438 25

123 3452 224 3571 frenavl
243 3456 338 3506 funera
365 3459 496 3508 Liuineius
530 3455 539 3522 ΙΙ
573 3460 607 3508 28
629 3458 753 3509 Phalaris
774 3459 795 3506 B
813 3460 830 3505 G
848 3459 881 3505 W
910 3456 920 3522 ΙΙ
949 3461 983 3508 30
1010 3455 1092 3506 simul

123 3541 170 3574 om.
