2578 4000
234 211 295 276 162
548 211 607 262 Vll.
638 209 788 262 INOERTI
806 211 887 262 PAN.

231 382 311 446 quac
345 361 399 424 alii
434 360 488 424 uix
520 360 620 424 totius
653 360 740 425 uitae
768 359 930 426 laboribus
964 361 1199 443 consequuntur

230 448 296 511 iam
317 445 403 510 domi
425 448 518 530 parts
539 446 709 529 suscipere.
741 444 886 529 quamuis
909 443 995 508 enim
1017 445 1198 529 magnn‘sit

231 534 264 596 et
299 529 487 595 admiranda
521 529 659 594 felicitas
697 551 776 614 quae
813 528 982 613 stipendiis
1019 529 1054 592 in
1088 528 1197 594 ordine

231 615 372 681 emeritis
400 618 433 680 et
459 614 594 678 militiae
622 613 776 699 gradibus
804 613 941 679 emensis
969 612 1008 677 ed
1034 613 1197 698 fastigium

204 700 317 766 sistud
344 699 521 764 maiestatis
550 699 695 764 ascendit
729 702 761 763 et
788 699 863 764 solis
890 697 1020 762 uirtutis
1048 699 1126 762 nixa
1151 720 1196 762 ra-

231 785 353 850 dicibus
386 785 426 850 ad
454 787 582 848 tantum
609 784 774 868 potentiae
806 784 903 848 robur
931 782 1071 848 inuoluit
1103 783 1197 868 (quod

230 869 358 953 quidem
381 869 477 933 etiam
498 870 551 952 tu,
575 872 729 953 quantum
751 890 809 952 por
831 870 971 933 aetatem
992 866 1100 948 licuit,
1129 888 1196 932 con-

230 956 357 1019 secutus
379 975 412 1018 es
435 958 482 1036 et,
508 954 654 1037 quamuis
676 957 709 1018 te
731 975 827 1038 super
853 973 963 1017 omnes
987 953 1197 1036 acquirendae

253 1038 353 1102 lorice
375 1058 481 1102 moros
502 1039 600 1119 fauor
617 1037 764 1103 fortunae
786 1037 954 1122 posuisset,
978 1057 1121 1102 creseere
1143 1038 1197 1101 mi-

193 1059 353 1187 rcftsudo
379 1122 509 1187 uoluisti
536 1127 568 1186 et
590 1122 745 1188 adeundis
766 1122 843 1187 belli
863 1122 1015 1207 periculis
1042 1143 1082 1186 ao
1104 1143 1199 1186 manu

231 1228 304 1272 cum
325 1206 471 1272 hostibus
499 1206 596 1272 etiam
622 1208 777 1293 singulari
806 1208 980 1272 certamine
1002 1207 1199 1272 conserenda

227 1295 389 1358 notiorem
403 1295 437 1356 te
455 1293 606 1378 gentibus
621 1290 798 1375 reddidisti,
821 1313 893 1357 cnm
915 1313 980 1356 non
995 1311 1108 1376 posses
1132 1313 1200 1356 esse
1274 1367 1275 1372 ¹

228 1376 394 1462 nobilior),
416 1399 580 1463 magnum,
602 1378 744 1462 inquam,
767 1380 824 1444 etsi
843 1379 892 1442 est
913 1375 953 1441 ab
970 1397 1005 1441 se
1014 1376 1201 1524 profectum
1274 1379 1275 1384 ’

230 1461 271 1526 ad
297 1463 437 1526 maxima
462 1463 646 1547 peruenire:
683 1461 781 1547 longe
809 1464 918 1526 tamen
947 1460 1014 1526 aliu
1063 1464 1115 1525 est
1140 1461 1201 1525 niti

191 1564 217 1605 1⁵
229 1567 287 1630 per
316 1545 413 1611 ardua
441 1550 474 1611 et
498 1548 574 1632 iuga
602 1547 762 1610 montium
789 1549 897 1630 petere
924 1567 940 1610 c
966 1544 1079 1630 plano,
1114 1545 1200 1610 aliud

228 1631 301 1780 {psa
336 1634 423 1696 ortus
457 1632 506 1696 sui
536 1631 732 1697 sublimitate
758 1631 875 1696 fultum
908 1629 1063 1695 uerticem
1089 1633 1200 1695 benere

244 1718 378 1865 ordume
413 1720 445 1781 ct
476 1739 557 1801 quae
590 1737 714 1781 summa
749 1719 826 1781 sunt
860 1737 928 1780 non
955 1727 1107 1799 sperare,
1146 1714 1200 1780 sed
1274 1745 1275 1760 ¹

230 1802 272 1864 ha
296 1822 358 1866 ere.

293 1885 350 1950 IV.
400 1884 534 1951 Sacrum
555 1885 641 1950 istud
662 1885 817 1969 palatium
840 1906 907 1948 non
931 1883 1122 1948 candidatus
1144 1883 1198 1948 im·

191 1987 217 2028 co
230 1971 326 2054 perii,
360 1968 416 2034 sed
444 1968 630 2054 designatus
657 1971 803 2054 intrasti,
833 1969 1066 2053 confestimque
1093 1972 1128 2032 te
1153 1967 1200 2032 illi
1273 2027 1274 2030 ,

230 2054 359 2138 paterni
380 2054 464 2117 lares
487 2074 702 2118 successorem
730 2053 838 2119 uidere
860 2054 1050 2139 legitimum.
1095 2074 1200 2137 neque

230 2139 316 2200 enim
335 2141 404 2202 erat
419 2136 551 2201 dubium
573 2139 651 2222 quin
673 2139 702 2202 ei
722 2142 916 2223 competeret
929 2137 1091 2202 hereditas
1106 2159 1200 2222 quem

229 2221 368 2305 primum
391 2221 576 2305 imperatori
598 2223 700 2286 filium
725 2223 792 2288 fata
814 2223 1012 2288 tribuissent.
1056 2225 1090 2288 te
1113 2223 1200 2288 enim

228 2309 339 2371 tantus
367 2305 423 2370 ille
452 2310 485 2371 et
510 2307 686 2391 imperator
713 2308 748 2372 iu
775 2308 869 2372 terris
898 2309 986 2372 etin
1008 2306 1098 2372 caelo
1123 2307 1201 2372 deus

191 2391 263 2454 sein
291 2391 395 2475 primo
428 2391 543 2456 aetatis
576 2413 654 2456 suae
684 2393 763 2458 flore
791 2393 962 2478 generauit
993 2391 1097 2458 adhuc
1132 2396 1200 2456 toto

229 2476 526 2644 tristitie
546 2477 1201 2647 {fiir-illitu{tttttttftlt

229 2643 394 2710 Uindonii.
431 2646 507 2710 inde
530 2648 579 2710 est
601 2647 685 2731 quod
706 2649 796 2711 tanta
823 2668 862 2710 ex
883 2647 940 2711 illo
962 2647 998 2711 in
1020 2649 1053 2711 te
1074 2646 1201 2710 formae

230 2729 403 2795 similitudo
426 2729 577 2796 trcusiuit
600 2734 637 2796 ut
658 2733 806 2818 signante
828 2734 944 2796 natura
967 2732 1112 2796 uultibus
1135 2732 1201 2795 tuis

297 2940 312 2988 3
330 2937 359 2987 in
390 2938 454 2999 fort.
472 2952 522 2988 suo
546 2933 551 3001 1
575 2936 668 2988 ordine
687 2937 810 2989 emeritis
828 2939 977 2988 Acidaliae:
999 2938 1124 2988 ordinem
1144 2951 1200 2986 me-

229 3005 292 3055 ritis
308 3004 335 3051 1
370 3000 375 3068 1
405 3005 515 3055 dtante
532 3009 588 3069 pot.
606 3005 639 3053 W
667 3003 677 3070 11
707 3007 824 3070 8supra
843 3007 901 3056 edd.
925 3003 935 3070 11
960 3006 1075 3056 9fauor
1094 3006 1201 3056 addidi:

230 3087 276 3125 om.
295 3073 322 3119 Π
343 3070 347 3131 Ι
372 3070 483 3121 fortuna
501 3073 559 3123 edd.
582 3071 587 3137 1
610 3073 749 3138 posuisset
766 3073 842 3123 edd:
860 3075 997 3138 potuisset
1015 3076 1042 3122 Π
1059 3073 1201 3138 potuisses

229 3153 253 3186 w
273 3141 278 3202 1
298 3137 407 3187 eredere
424 3137 457 3186 W
473 3136 484 3204 11
505 3141 537 3190 11
555 3137 649 3204 etiem]
670 3145 698 3190 et
713 3139 746 3188 W
767 3138 777 3205 11
801 3143 831 3192 13
849 3136 971 3207 inquam]
992 3140 1104 3205 quidem
1121 3139 1199 3190 Bert.

231 3203 234 3268 1
260 3205 314 3256 etsi
331 3207 434 3256 addidi:
452 3222 499 3258 om.
516 3209 543 3255 Π
567 3206 578 3273 11
608 3210 640 3259 15
657 3211 749 3272 petere
768 3223 783 3258 c
802 3209 948 3259 Liuineius:
966 3214 1061 3273 patere
1078 3209 1108 3257 1
1131 3204 1143 3273 11
1167 3209 1202 3256 24

228 3277 325 3323 tantus
344 3288 405 3338 epo:
428 3277 537 3325 tentam
554 3277 581 3324 Η
602 3273 669 3338 (toiri
686 3275 717 3338 B)
747 3275 757 3340 11
787 3278 820 3326 25
839 3276 927 3326 adhuc
945 3280 1003 3327 toto
1022 3275 1115 3329 Bert.:
1140 3279 1201 3326 toto

228 3340 319 3398 adhuc
336 3345 394 3392 toto
412 3344 435 3390 A
457 3346 516 3393 toto
534 3343 623 3393 adhuc
640 3344 770 3392 ΜΠ
793 3342 802 3407 11
827 3347 859 3394 27
878 3341 973 3410 quam]
994 3357 1163 3408 quamquam
1183 3345 1202 3390 c

232 3422 234 3471 ζ
255 3409 456 3473 praecipueque
474 3412 582 3474 scripsi:
600 3411 748 3475 praecipue
765 3413 792 3460 Π
807 3411 811 3471 1
828 3411 1065 3462 uidereUindonii
1085 3413 1200 3462 Arutze·

229 3478 300 3526 nius:
318 3475 411 3526 uidere
430 3477 531 3527 sidonii
545 3476 578 3525 W
596 3477 701 3528 uideris
718 3478 851 3528 idoneis
864 3479 940 3530 Bere.
958 3479 1069 3530 uidonis
1088 3477 1202 3541 (uinco-

229 3543 273 3594 nis
289 3542 310 3591 B
329 3543 454 3593 nindonis
473 3542 501 3607 c)
521 3543 612 3594 idonei
629 3545 654 3593 B·
670 3547 686 3594 c
704 3546 726 3593 V
746 3544 756 3611 11
778 3548 810 3597 28
830 3546 914 3598 forme
930 3547 963 3594 W
