2572 3990
233 192 254 254 2
559 195 581 245 1.
611 193 641 244 O.
662 192 875 254 PLlNleAN,

233 341 328 406 nibus
351 362 433 424 quae
455 341 603 405 dicentur
624 362 643 404 a
664 361 715 404 me
737 339 868 404 libertas
890 341 968 404 fides
992 340 1112 405 ueritas
1129 361 1208 404 con-¹
1255 319 1258 326 ¹

233 429 298 490 stet
319 427 509 510 tantumque
531 447 550 488 a
573 425 679 509 specie
705 423 897 490 adulationis
918 425 1003 488 absit
1024 425 1203 514 gratiarum
1273 417 1274 442 ³

234 510 317 574 actio
338 532 410 574 mea
433 513 589 593 quantum
612 510 704 574 abest
727 531 746 573 a
767 511 968 574 necessitate.
1008 551 1011 556 -

289 593 332 658 II.
356 593 514 679 Equidem
524 615 592 659 non
604 593 728 658 consuli
745 593 838 658 modo
850 594 905 658 sed
917 592 1066 658 omnibus
1078 593 1210 657 ciuibus·-

209 678 421 744 nenitendum
443 700 514 742 reor
535 699 577 742 ne
599 678 675 762 quid
703 676 742 743 do
774 678 919 762 principe
946 681 1056 742 nostro
1082 677 1128 741 ita
1155 677 1201 741 di·

232 765 308 828 cant
336 766 373 827 ut
400 762 484 826 idem
513 761 592 826 illud
620 762 659 826 de
688 762 750 826 alio
778 763 843 826 dici
870 763 1013 846 potuisse
1040 760 1201 826 uideatur.

233 867 330 931 quare
359 847 477 911 abeant
502 868 539 910 ac
573 845 724 912 recedant
750 866 846 910 uoces
879 847 955 912 illae
983 867 1060 930 quas
1095 849 1203 910 metus
1274 873 1275 922 3

233 931 445 1015 exprimebat:
473 930 556 995 nihil
584 931 677 1014 quale
705 933 781 995 ante
811 931 968 1016 dicamus3
1004 928 1086 995 nihil
1114 929 1201 994 enim

233 1016 328 1099 quale
350 1019 447 1080 antea
467 1015 617 1098 patimur.
650 1036 711 1080 nec
740 1014 850 1080 eadem
878 1016 916 1080 de
944 1015 1089 1098 principe
1119 1037 1202 1099 quae

194 1121 219 1160 10
232 1100 321 1184 prius
348 1099 583 1184 praedicemus;
616 1120 718 1182 neque
747 1099 832 1164 enim
861 1101 970 1164 eadem
1000 1120 1079 1182 qnae
1110 1100 1203 1183 prius

232 1187 354 1248 secreto
376 1184 546 1268 loquimur.
577 1183 776 1248 discernatur
797 1184 995 1248 orationibus
1017 1185 1137 1248 nostris
1152 1184 1202 1248 di-

231 1269 365 1333 uersitas
410 1273 592 1352 temporum
632 1270 665 1332 et
699 1289 737 1332 ex
769 1269 839 1352 ipso
872 1290 989 1354 genere
1022 1269 1203 1353 gratiarnm

231 1353 430 1437 agendarum
452 1351 661 1436 intellegatur
683 1353 742 1432 eui,
767 1353 895 1436 quando
918 1353 985 1416 sint
1003 1356 1102 1416 actae.
1125 1375 1200 1416 nus·

231 1458 327 1521 quam
348 1438 477 1520 uideo,
501 1458 657 1520 nusquam
680 1439 717 1500 ut
738 1437 862 1501 numini
886 1436 1104 1501 blandiamur:
1131 1458 1199 1502 non

193 1541 218 1581 15
232 1522 318 1586 enirn
346 1521 549 1606 de-tyranno
578 1520 633 1584 sed
661 1521 700 1584 de
730 1520 808 1604 ciue,
835 1542 902 1585 non
929 1521 968 1584 de
991 1521 1120 1585 domino
1143 1522 1196 1585 sed

231 1605 431 1703 depasente
458 1605 626 1689 loquimur.
668 1608 701 1670 et
727 1604 788 1670 hoc
815 1606 918 1690 magis
948 1605 1077 1669 excellit
1103 1609 1199 1690 atque

232 1693 352 1754 eminet
373 1691 429 1756 ille
450 1689 533 1775 quod
555 1711 654 1755 unum
681 1711 715 1754 se
737 1712 775 1754 ex
789 1690 882 1754 nobis
904 1692 997 1773 putat
1011 1710 1071 1754 neo
1091 1691 1198 1754 minus
1276 1715 1277 1774 q

231 1773 394 1840 hominem
423 1797 491 1840 esse
521 1795 615 1858 quam
644 1774 827 1838 hominibus
858 1795 1003 1857 praeesse
1040 1775 1202 1841 meminit.

231 1859 457 1944 intellegamus
480 1879 558 1943 ergo
580 1858 664 1922 bona
692 1862 803 1923 nostra
832 1860 1008 1943 dignosque
1047 1879 1105 1922 nos
1132 1858 1197 1922 illis

192 1964 218 2003 ao
231 1964 290 2007 usu
312 1943 484 2027 probemus
518 1946 613 2024 atque
634 1941 809 2006 identidem
833 1943 1009 2026 cogitemus
1032 1963 1129 2024 quom
1157 1945 1199 2007 sit

231 2027 399 2110 indignum
414 2029 442 2091 si
454 2027 557 2091 maius
573 2026 772 2110 principibus
793 2031 993 2110 praestemus
1002 2027 1198 2109 ,obsequium

231 2111 286 2195 qui
313 2112 467 2175 seruitute
502 2109 620 2175 ciuium
649 2131 745 2194 quam
768 2111 822 2208 qui
849 2111 998 2176 libertate
1025 2112 1197 2175 laetantur.

231 2198 264 2258 et
277 2195 413 2278 populus
428 2194 556 2279 quidem
571 2193 737 2259 Romanus
753 2195 904 2260 drlectum
926 2196 1110 2280 principum
1134 2217 1197 2260 ser·
1277 2243 1278 2254 ,

230 2282 287 2343 uat
308 2282 488 2363 quantoque
510 2280 607 2363 paulo
625 2283 701 2344 ante
716 2283 874 2344 concentu
896 2280 1072 2345 formosum
1088 2279 1200 2365 alium,

191 2383 217 2422 aa
230 2362 318 2427 hunc
355 2363 566 2430 fortissimum
598 2367 766 2448 personat3
806 2365 985 2449 quibusque
1027 2365 1197 2448 aliquando

175 2449 177 2458 '
232 2447 426 2512 clamoribus
448 2451 575 2532 gestum
587 2447 718 2513 alterins
734 2451 767 2513 et
781 2470 902 2532 uocem,
926 2449 1020 2513 huius
1042 2449 1197 2532 pietatem

229 2532 460 2596 abstinentiam
482 2532 757 2606 mansuetudinem
782 2533 901 2597 laudat.
933 2534 1011 2617 quid
1027 2553 1087 2597 nos
1110 2532 1200 2617 ipsi?

212 2615 434 2694 ‚diuinitatem
462 2616 618 2701 principis
645 2617 751 2682 nostri
781 2640 823 2681 an
855 2617 1089 2682 humanitatem
1118 2624 1197 2682 tem·

216 2701 411 2786 'percutiam
441 2700 627 2765 facilitatem
670 2705 706 2765 ut
734 2722 824 2765 amor
860 2705 893 2767 et
924 2703 1077 2786 gaudium
1110 2702 1196 2781 tulit,

189 2803 217 2878 so
229 2785 392 2872 celebrare
420 2784 562 2850 uniuersi
590 2751 752 2850 solemus?
792 2787 857 2851 iarn
890 2787 968 2870 quid
992 2790 1062 2850 tam
1089 2786 1196 2870 ciuile,

230 2910 432 2917 ,μη-...ομ-

297 2975 365 3025 sue
394 2975 518 3040 principe
548 2974 641 3041 palam
667 2975 743 3042 Gusp.
779 2971 789 3041 ΙΙ
826 2978 858 3027 10
888 2990 958 3041 quae
990 2985 1110 3040 pr.'sec.
1140 2974 1186 3038 loq
1275 3005 1278 3020 .

228 3041 272 3091 W:
296 3057 352 3093 sec.
374 3042 431 3106 loq.
451 3058 521 3106 quae
544 3046 620 3108 pne
645 3058 702 3096 sec.
726 3057 798 3107 quse
820 3059 861 3108 pr.
882 3042 937 3108 loq.
954 3042 1015 3093 BV
1039 3039 1048 3106 ΙΙ
1074 3043 1105 3092 13
1133 3049 1195 3091 acte

224 3113 364 3174 ‘nusquam
384 3123 413 3175 ς,
430 3111 549 3175 Lipsius:
577 3110 714 3160 hactenus
743 3124 823 3173 quam
845 3111 873 3157 1
901 3107 911 3174 ΙΙ
941 3111 973 3160 16
994 3125 1032 3176 sq.
1060 3108 1197 3174 loquimur

214 3190 312 3228 -uuum
328 3174 376 3225 ille
393 3191 422 3226 se
442 3191 476 3227 ox
493 3176 573 3227 nobis
587 3181 615 3226 et
632 3177 685 3227 hoo
698 3179 787 3241 magis
806 3191 864 3230 exc.
875 3193 900 3226 a.
913 3178 1014 3227 eminet
1026 3176 1098 3242 quod
1110 3191 1195 3227 unum

229 3257 261 3291 ex
279 3241 361 3292 nobis
380 3246 421 3298 (ex
438 3242 519 3294 nobis
537 3257 583 3297 om.
603 3243 643 3300 W)
666 3247 747 3308 putat
769 3245 804 3306 1,
826 3247 940 3296 correaei.
965 3241 976 3308 fl
1003 3245 1034 3295 18
1056 3243 1195 3294 hominem

229 3311 416 3374 praescripsi:
435 3309 573 3360 hominem
591 3324 620 3360 se
640 3311 668 3357 Ι
691 3307 701 3375 fl
726 3312 757 3361 19
775 3310 832 3362 illis
849 3327 901 3362 usu
919 3313 1038 3376 Lipsius:
1055 3309 1132 3362 illius
1143 3325 1195 3362 nau
1277 3313 1278 3332 ¹

220 3361 289 3449 [ll
319 3379 352 3428 20
382 3391 463 3442 quam
487 3378 524 3427 rit
546 3375 688 3442 indignum
712 3393 760 3431 om.
783 3380 818 3442 Μ,
849 3381 910 3433 add.
936 3379 1011 3444 Ousp.
1035 3377 1046 3445 ΙΙ
1069 3381 1102 3430 23
1122 3379 1195 3444 prin-

207 3443 316 3509 ·‘clpu'in
336 3443 479 3494 Liuineius:
502 3444 654 3510 principem
672 3446 700 3493 1
716 3443 726 3511 l
744 3447 777 3498 25
796 3447 895 3512 quibua
913 3447 946 3494 W
967 3443 978 3510 ΙΙ
1000 3447 1034 3498 30
1052 3444 1195 3498 celebrare

224 3527 274 3562 om.
294 3511 335 3574 W,
353 3511 476 3562 uniuersi
493 3511 656 3576 praedicare
675 3511 795 3564 solemus
812 3527 845 3565 w.
914 3529 918 3533 ’
