2582 3992
214 187 274 250 112
510 189 560 238 111.
597 187 652 238 cn.
669 187 880 238 naussum

210 338 266 422 qui
288 340 366 402 tunc
388 338 485 400 uestri
508 357 620 400 sensus
642 336 752 400 fuere?
780 336 832 420 qui
855 334 984 398 uultus?
1013 357 1108 420 quam
1130 339 1178 402 in·

211 422 370 506 patientes
398 421 436 485 ad
463 421 725 485 dissimulandum
752 419 905 486 indicium
929 421 1178 502 perturbationis

212 505 318 570 oculi?
362 506 548 589 respexistis
569 505 713 589 proiecto
735 504 876 588 saepius3
911 523 1015 588 nequa
1036 504 1117 570 haec
1140 506 1178 572 de

211 591 302 656 uobis
334 612 418 654 uana
444 590 618 674 finguntur.
662 589 741 653 talia
772 588 864 652 uobis
892 588 1022 653 dedistis
1050 591 1177 673 emina

183 676 275 741 seito
298 675 338 738 ad
361 677 567 758 conspectum
588 678 734 738 mutuum
756 673 923 740 reuersuri.

275 758 364 824 XIII.
416 759 532 822 Facilis
567 761 622 855 est·
648 757 727 855 milii
758 757 928 836 transitus,
963 759 1179 824 sacratissime

149 1003 151 1008 ,
211 846 407 992 221ἷῖ3ιῖἷῖ
437 842 721 991 2312ῗῖ1ῑὲ19ὺῖξέ
748 841 1179 1010 iiiliplilfffileltlt

212 1014 261 1076 est
288 1011 374 1094 quod
405 1013 442 1075 ut
469 1012 653 1095 conspicere
688 1030 745 1075 uos
772 1011 913 1074 inuicem
945 1011 1179 1098 complectique

174 1111 201 1152 1⁰
211 1096 340 1180 possitis
370 1095 405 1158 in
432 1117 530 1161 manu
557 1099 665 1160 uestra
692 1099 751 1160 est.
799 1095 898 1160 solem
927 1097 1033 1179 ipsum
1055 1097 1179 1162 lunam·

212 1201 272 1262 que
294 1181 468 1258 cernimus,
499 1181 573 1263 quia
594 1181 692 1246 totius
715 1179 826 1244 mundi
848 1180 1028 1264 funguntur
1050 1182 1178 1266 officiis,

194 1263 278 1328 'non
304 1264 367 1328 nisi
394 1267 469 1348 post
495 1263 596 1328 multa
625 1264 751 1328 saecula
785 1267 872 1329 certa
899 1263 970 1348 lege
996 1269 1179 1350 temporum

211 1348 397 1413 conuenire:
435 1352 543 1414 uestm
564 1354 632 1413 tam
653 1349 754 1413 libera
775 1352 825 1412 eet
854 1351 885 1413 et
907 1349 1000 1414 beata
1027 1351 1179 1416 maiestas

210 1432 305 1496 utin
327 1434 458 1498 summis
480 1434 574 1498 rebus
596 1434 724 1519 generis
747 1432 879 1496 humani
904 1433 987 1498 nihil
1008 1435 1103 1500 uobis
1124 1457 1179 1501 ne·

172 1532 198 1574 1⁵
215 1537 301 1582 cesse
329 1518 372 1582 sit
399 1519 463 1582 nisi
490 1521 616 1584 ucenae
644 1539 755 1601 perere
783 1517 906 1601 pietati.
957 1521 1114 1603 ceterum,
1151 1521 1179 1586 si

211 1602 282 1686 quis
305 1601 345 1665 ad
367 1600 508 1666 humana
528 1603 691 1687 respiciat,
720 1605 840 1686 quanto
862 1603 967 1688 magis
989 1605 1179 1690 magnitudo

210 1689 337 1750 uestrae
359 1685 522 1752 felicitatis
544 1687 720 1772 appareat?
757 1685 902 1752 homines
925 1685 1060 1772 priuatis
1082 1690 1179 1754 rebus

210 1769 330 1836 intenti
358 1771 404 1835 ita
430 1771 615 1855 plerumque
641 1771 780 1855 propriis
808 1771 1049 1837 difficultatibus
1071 1774 1178 1858 impli-

212 1858 327 1920 cantur
359 1857 396 1919 ut
421 1856 509 1920 omni
543 1877 622 1920 aeuo
656 1858 786 1920 careant
816 1856 904 1920 aditu
931 1875 1077 1922 suorum:
1119 1880 1179 1923 nos

172 1955 198 1996 ao
211 1940 321 2004 tantae
358 1939 553 2023 reipublicae
589 1939 865 2006 administratione
897 1944 1060 2026 suscepta,
1096 1964 1178 2026 quos

210 2022 273 2087 huc
300 2026 395 2106 atque
422 2022 499 2087 illuc
527 2025 576 2087 tot
603 2024 715 2104 urbes,
743 2027 793 2087 tot
820 2031 940 2108 castra,
968 2029 1019 2091 tot
1046 2027 1177 2110 limites,

211 2109 260 2171 tot
283 2108 487 2171 circumiecta
508 2105 655 2170 Romano
681 2108 816 2191 imperio
836 2109 970 2174 flumina
991 2114 1118 2176 montes
1141 2111 1178 2176 li-

211 2193 283 2253 tora
311 2193 443 2273 uocant,
477 2192 605 2254 tantum
631 2192 747 2256 animis
775 2213 812 2258 ae
838 2193 970 2260 fortuna
995 2196 1111 2261 uelatis
1140 2201 1179 2260 ut

210 2274 246 2337 in
259 2295 359 2338 unum
383 2275 553 2340 conuenire
568 2277 698 2359 possitis
719 2276 926 2343 nihilominus
950 2279 1026 2343 orbe
1053 2301 1176 2346 securo.

171 2374 198 2416 aa
211 2377 314 2442 neque
347 2360 433 2424 enim
465 2381 539 2444 pars
567 2360 632 2425 ulla
657 2363 815 2427 terrarum
848 2363 1024 2428 maiestatis
1051 2368 1178 2430 uestrae

209 2444 512 2526 praesentianum,
536 2445 633 2509 ctiam
656 2467 726 2510 cum
747 2447 809 2530 ipsi
832 2447 941 2511 abesse
963 2447 1151 2514 uideamini.

273 2526 361 2594 XIV.
416 2527 467 2592 Ne
492 2529 654 2596 tantulum
687 2529 814 2615 quidem
843 2531 997 2597 barbarae
1025 2534 1178 2599 nationes

210 2610 329 2676 audent
363 2612 487 2677 animos
521 2614 681 2698 attollere,
718 2614 802 2699 quod
837 2637 894 2681 uos
927 2616 962 2680 in
989 2617 1179 2684 interiorem

210 2694 336 2788 imperii
364 2697 463 2762 uestri
498 2698 603 2762 sinum
631 2699 839 2784 secesseritis3
877 2701 955 2784 quin
983 2701 1082 2766 immo
1114 2703 1180 2786 ipsi

279 2904 292 2951 1
311 2901 489 2966 impatientes
509 2904 651 2954 Puteanus:
669 2905 809 2970 patientes
826 2906 866 2969 li,
885 2908 966 2956 malim
984 2905 1142 2971 inpotentes
1161 2907 1177 2974 Η

209 2971 225 3018 2
244 2968 280 3019 ed
297 2968 480 3020 simulandum
499 2969 537 3034 01
552 2971 684 3022 iudicium
701 2973 752 3022 At
769 2971 812 3037 114
829 2972 929 3024 dedisti
946 2975 964 3022 0
979 2971 984 3036 Ι
1000 2975 1092 3026 omina
1105 2976 1127 3023 V
1139 2990 1180 3026 w:

210 3037 300 3087 omine
317 3037 338 3085 li
357 3039 449 3087 omnia
467 3038 520 3086 Ac
542 3035 552 3102 l
574 3040 589 3087 6
608 3053 663 3089 sae.
681 3041 709 3087 Β
726 3036 736 3104 ΙΙ
758 3042 789 3090 11
808 3041 855 3105 qui
873 3042 1004 3093 Liuineius
1024 3039 1035 3107 ΙΙ
1057 3044 1088 3091 12
1108 3049 1181 3094 tarn·

209 3117 305 3167 pamm
327 3120 374 3155 om.
392 3105 424 3154 W
453 3103 463 3169 ll
494 3108 525 3156 13
550 3111 605 3156 tam
622 3109 645 3155 A
662 3106 706 3155 W:
731 3113 824 3157 tamen
845 3109 865 3156 B
883 3107 940 3156 GV
969 3105 979 3173 ss
1010 3111 1042 3160 15
1065 3108 1180 3178 parere]

209 3186 243 3220 aa
260 3173 388 3234 parcere?
404 3168 416 3238 Η
437 3175 469 3222 19
488 3172 560 3223 omni
579 3187 646 3222 aeuo
666 3178 780 3224 careant
798 3175 944 3226 Puteanus:
967 3177 1059 3226 omnia
1078 3193 1181 3229 euoca-

208 3239 310 3287 rentii
323 3238 397 3290 Bere.
417 3241 525 3290 omnino
543 3255 597 3290 non
616 3245 718 3291 uacent
731 3242 865 3292 Acidaliae
882 3243 916 3292 ab
935 3244 1009 3294 omni
1022 3251 1181 3298 enecentur

208 3306 372 3368 Arntzenius,
391 3309 437 3357 alii
453 3310 505 3358 otia
519 3305 524 3372 Ι
540 3307 617 3357 aditu
634 3315 791 3372 anspertum,-
809 3325 842 3360 aa
859 3313 929 3360 usu?
941 3308 951 3375 ss
968 3313 1002 3362 20
1019 3315 1097 3362 tanta
1116 3315 1180 3368 edd.

210 3368 222 3437 ll
242 3373 275 3421 22
295 3373 467 3424 circumiecto
485 3376 503 3423 (t
519 3375 523 3438 Ι
538 3375 654 3439 imperia
668 3375 690 3423 A
702 3373 712 3440 ll
725 3377 757 3426 23
777 3377 889 3437 animia3
907 3380 989 3428 malim
1007 3381 1092 3430 armis
1108 3376 1113 3443 Ι
1128 3379 1178 3448 ac]

209 3442 238 3488 et
248 3439 281 3488 W
292 3437 302 3504 ΙΙ
315 3441 348 3490 25
365 3445 459 3492 uestra
476 3443 499 3490 A
511 3439 521 3505 ΙΙ
534 3442 566 3491 26
585 3444 746 3506 praesentia
764 3447 838 3495 eda:
856 3442 935 3509 pfitia
948 3447 975 3494 n
993 3444 1134 3510 (potentia
1147 3449 1177 3510 G)

209 3503 222 3570 Η
242 3508 275 3558 29
293 3507 381 3558 sinum
399 3511 422 3557 A
433 3508 466 3557 W
478 3508 565 3558 Bert:
582 3524 629 3559 om.
648 3510 669 3558 B
687 3512 704 3559 c
722 3511 744 3558 V
763 3507 768 3576 Ι
788 3514 974 3564 successeritis
992 3513 1025 3562 W
