2582 3992
264 219 335 271 PRO
354 218 634 272 RESTAURANDIS
652 219 787 273 sconis.
806 225 913 274 10—14.
1008 223 1068 288 125

94 369 217 516 quippe
251 366 313 432 hoc
347 367 416 451 ipso
443 368 584 516 praemii
612 368 714 454 gloria
746 372 928 435 continetur
961 393 1002 436 ne
1035 373 1068 437 id
1095 447 1098 452 ‚

94 453 173 537 cupi
196 453 278 520 itate
301 473 441 535 quaeren
464 453 475 515 i
497 452 662 517 affectasse
684 453 857 520 uideamur.
901 457 984 539 quod
1007 455 1068 522 hoc

95 559 163 603 uno
192 537 321 620 assequi
342 557 526 620 possumus,
555 537 580 600 si
604 558 662 622 pro
685 541 817 622 accepto
841 539 991 604 ducamus
1014 542 1068 606 ob-

96 622 212 705 latum,
236 625 273 686 ut
286 620 463 685 industriae
484 621 527 685 sit
541 621 582 685 ad
597 622 742 686 sumendi
762 623 885 708 copiam
900 626 1068 708 peruenire

96 707 253 791 potuisse,
278 705 496 770 continentiae
518 708 717 789 praeterisse.
1082 730 1094 771 s

161 788 255 855 XIII.
307 789 358 854 An
380 789 408 854 si
429 790 599 854 fortissimi
620 791 682 855 uiri
709 791 744 855 in
767 793 867 857 sacris
889 793 1069 858 certamini-

96 875 159 940 bus
182 895 307 938 summo
328 873 438 972 latiore
460 877 554 958 atque
576 875 675 939 etiam
693 876 788 974 'uitae
805 877 946 961 periculo
969 878 1070 942 solam

97 980 215 1108 tlt?
226 961 844 1130 tetrustollendusest?
853 964 1070 1129 1111111

98 1127 185 1194 tanti
200 1128 361 1211 principes
382 1127 615 1193 instituendam
629 1131 830 1194 iuuentutem
847 1130 1070 1195 commendare
1085 1151 1109 1190 ιο

59 1257 64 1264 -
99 1212 229 1298 dignati
256 1215 347 1297 sunt,
376 1233 443 1276 non
470 1213 556 1277 ultra
582 1215 724 1278 omnium
751 1235 867 1278 uocum
891 1215 1070 1298 potentiam

100 1296 347 1362 uenerabundus
381 1296 579 1380 accipiaml.
604 1319 670 1363 non
698 1299 783 1362 ultra
810 1319 920 1363 omnes
946 1298 1071 1362 laureas

101 1379 229 1446 colam?
250 1401 329 1465 quas
344 1402 416 1465 ego,
432 1381 483 1445 uir
495 1381 727 1465 perfectissime
740 1385 757 1424 *
768 1382 787 1420 *
800 1383 972 1447 tamenetsi
986 1382 1071 1447 hanc

100 1487 229 1550 quoquc
256 1465 337 1529 milri
363 1466 492 1530 ueniam
520 1466 643 1530 tribuas
671 1469 806 1550 oportet.
852 1488 955 1551 neque
984 1468 1071 1532 enim

100 1551 152 1616 fas
174 1549 276 1636 ipsius
299 1550 454 1634 epistulae
476 1571 586 1615 sacrae
614 1552 945 1616 commemorationem
970 1552 1071 1616 solam
1085 1567 1110 1609 15

103 1637 173 1700 sine
201 1635 353 1718 obsequio
380 1634 581 1699 recitationis
608 1633 773 1719 inducere,
802 1639 839 1700 ut
866 1657 904 1700 ea
932 1636 1072 1720 perlecta

101 1720 209 1804 magis
236 1719 359 1784 eluceat
386 1721 540 1803 quantum
569 1739 619 1782 mc
642 1719 783 1783 studium
805 1740 865 1802 per
886 1719 929 1782 sit
950 1720 1072 1804 impen-

101 1805 178 1869 dere
207 1825 274 1869 non
300 1804 378 1887 ipsis
406 1803 500 1868 modo
524 1803 655 1882 litteris,
687 1801 742 1867 sed
764 1804 862 1869 etiam
883 1804 1013 1888 templis
1035 1825 1073 1868 ac

104 1887 233 1954 sedibus
255 1887 443 1952 litterarum.
504 1957 506 1964 y

166 1971 258 2038 XIV.
281 1971 460 2037 ‘Merentur
482 1975 515 2037 et
530 1971 617 2037 Galli
638 1971 742 2036 nostri
763 1973 800 2035 ut
823 1992 931 2036 eorum
951 1972 1071 2054 liberis,
1086 1991 1110 2030 sc

104 2079 239 2142 quorum
265 2057 333 2121 uita
357 2058 394 2122 in
416 2056 755 2156 Augustodunensium
783 2056 900 2140 oppido
923 2057 1073 2142 ingenuis

102 2142 226 2207 artibus
249 2141 401 2224 eruditur,
424 2141 535 2225 stipsi
551 2140 780 2224 adulescentes,
825 2142 859 2206 ui
878 2141 980 2206 hilaro
999 2163 1073 2206 con·

102 2247 201 2292 sensu
216 2247 322 2290 meum
339 2225 535 2310 [Constantii
547 2224 692 2291 Caesaris
709 2247 747 2290 ex
761 2163 856 2290 ltalia
869 2227 1072 2311 reuertentis]

103 2331 274 2395 suscepere
296 2309 499 2394 comitatum,
520 2312 557 2374 ut
579 2331 689 2374 eorum
711 2310 813 2374 indoli
835 2310 1000 2390 consulere
1023 2333 1074 2375 cu-

102 2396 243 2480 piamus.
309 2393 421 2459 roinde
454 2394 538 2478 quod
571 2393 658 2458 aliud
685 2395 863 2477 praemium
895 2395 946 2458 his
979 2417 1075 2480 quam
1088 2411 1114 2453 aa

103 2480 186 2545 illud
221 2500 259 2544 cc
299 2501 368 2544 erre
397 2478 548 2544 debemus
583 2477 667 2562 quod
695 2500 755 2543 nec
782 2479 859 2543 dare
883 2482 990 2564 potest
1015 2500 1075 2543 nec

102 2565 230 2649 eripere
250 2563 407 2640 fortuna?
444 2564 528 2628 unde
550 2563 708 2628 auditorio
731 2563 821 2648 huic,
843 2563 929 2648 quod
949 2562 1076 2628 indetur

104 2649 241 2714 interitu
268 2649 483 2733 praeceptoris
510 2647 673 2732 orbatum,
701 2651 734 2712 te
761 2649 964 2732 potissimum
985 2668 1075 2732 prae-

104 2733 202 2798 ficere
224 2733 438 2818 decreuimus,
471 2734 558 2797 cuius
581 2732 798 2816 eloquentiam
827 2737 860 2797 et
880 2733 1075 2818 grauitatem

87 2839 234 2884 morum
271 2839 309 2882 ex
343 2820 433 2884 actus
469 2817 572 2882 nostri
609 2817 763 2880 habemus
799 2817 1114 2882 administrationes

174 2976 192 3023 4
211 2973 246 3024 ad
263 2972 388 3024 sumendi
404 2972 549 3023 Liuineius:
568 2969 726 3021 assumendi
742 2969 789 3035 111
805 2972 949 3036 preuenire
966 2969 1022 3018 BV
1033 2983 1051 3018 u
1068 2968 1076 3034 ll

105 3042 123 3092 5
142 3040 318 3092 continentia
336 3043 363 3091 Μ
386 3038 396 3106 ΙΙ
421 3042 452 3090 11
471 3040 624 3104 potentiam
640 3047 801 3103 corruptura:
818 3038 996 3104 praeconium
1014 3038 1076 3087 Aci-

103 3109 192 3160 daliae
214 3105 225 3174 ΙΙ
247 3111 279 3160 13
297 3111 411 3159 lacunam
428 3109 542 3158 indicaui
560 3106 564 3171 Ι
584 3107 699 3157 tametsi
715 3107 735 3155 11
754 3107 772 3156 0
790 3106 811 3153 V
832 3104 843 3172 ΙΙ
865 3107 897 3157 16
917 3121 951 3156 ca
968 3121 1014 3156 om.
1034 3106 1051 3154 0
1069 3101 1077 3168 ll

105 3179 139 3228 17
160 3175 314 3226 cludeatt
337 3173 348 3242 ΙΙ
377 3178 407 3227 18
427 3175 477 3226 sed
495 3175 579 3228 etiam
596 3180 624 3226 et
641 3174 751 3240 templis
768 3176 808 3236 113
833 3179 862 3224 et
878 3176 927 3225 del.
949 3173 1078 3225 Liuineius

103 3242 115 3309 li
132 3244 168 3294 20
182 3243 331 3308 Exemplar
343 3239 412 3309 Eple
422 3244 455 3292 W
466 3244 492 3293 in
504 3258 583 3307 marp.
595 3243 755 3307 Exemplum
768 3257 847 3293 sacre
859 3237 920 3308 eple
931 3241 954 3290 Δ
965 3244 1078 3294 intexta

103 3346 156 3395 litt.
176 3344 247 3395 rubr.
266 3340 284 3462 ll
304 3347 336 3395 21
356 3347 474 3410 augusto
492 3343 663 3395 clunensium
681 3343 714 3394 W
731 3348 849 3410 augusto
868 3306 1037 3392 cluutnsium
1054 3343 1078 3392 A

105 3417 228 3478 angusto
251 3412 422 3494 cunensium
439 3411 500 3461 BV
523 3418 642 3477 angusto
662 3408 870 3493 cliuiensiumc
899 3408 909 3476 ll
939 3411 971 3460 22
988 3409 1077 3491 hilaro

104 3478 509 3600 1111111111ῑηῖ
527 3477 1079 3613 tltstltlttttltfftt{steht
