2582 3992
278 191 350 244 PRO
368 191 647 244 RESTAURANDIS
664 189 799 246 sconis,
819 196 927 246 14-16.
1021 193 1082 258 127

109 340 204 406 liant.
241 339 320 424 quin
342 342 439 406 etiam
459 341 605 407 laudibus
627 335 785 425 incitantj
800 343 993 426 grauitatem
1014 365 1080 408 mo-

109 447 199 508 rum,
225 424 351 492 dicendi
374 425 561 492 facultatem
584 426 646 492 sibi
667 427 837 510 probatam
861 430 894 492 et
916 428 1080 512 cognitam

109 509 351 594 praedicantes,
379 511 515 594 palatini
536 510 668 584 honoris
688 511 894 596 priuilegium
922 514 1079 578 oratoriae

108 593 303 678 professioni
319 594 444 660 saluum
465 598 498 659 et
511 595 672 660 incolume
692 600 866 661 seruantes.
890 597 1004 680 quibus
1019 618 1079 682 ego

109 679 241 744 diuinae
268 679 481 764 benignitatis
508 680 683 763 illecebris,
713 680 839 747 etiamsi
867 681 954 744 omni
984 701 1108 746 sensua

109 766 187 828 ante
210 763 400 844 caruissem,
424 764 466 828 ud
488 765 633 848 quamuis
655 765 800 862 profecto
822 765 1079 850 intellegentiam

108 869 259 914 monerer
295 851 328 913 ot
362 848 548 932 adducerer,
587 849 743 933 siquidem
773 852 884 914 tantos
916 850 1079 934 principes

108 954 211 998 unum
238 931 402 1000 hominem
430 937 523 998 tanta
549 933 642 998 laude
665 934 814 1000 decorare
842 955 909 998 non
937 937 986 998 est
1011 956 1078 1000 ora-

107 1021 213 1082 torem
236 1017 424 1101 admonere,
447 1018 501 1082 sed
524 1019 641 1082 facere.

109 1185 116 1200 .
173 1100 264 1167 XVI.
284 1187 290 1200 .
307 1100 391 1178 Quid
411 1103 511 1200 igitur
532 1102 612 1166 mihi
634 1125 706 1168 cum
728 1105 894 1201 numerata
915 1102 1078 1200 pecunia?
1092 1123 1119 1162 ro

105 1207 222 1337 eu
236 1186 313 1368 ri
330 1187 515 1356 trist
541 1186 1079 1353 rriurutumrtnl

106 1377 184 1422 eum
212 1355 322 1422 diuina
348 1358 428 1421 haec
452 1356 636 1422 testimonia
663 1354 812 1420 omnibus
835 1355 955 1420 diuitiis
984 1357 1078 1438 atque

103 1441 190 1524 ipsis
210 1439 342 1509 deorum
363 1441 542 1525 praeconiis
565 1439 783 1524 anteponam?
825 1439 890 1504 nisi
911 1440 994 1504 forte
1015 1439 1077 1523 Py·

104 1525 238 1590 thiados
267 1525 352 1590 illius
380 1525 589 1591 excellentem
611 1525 752 1590 Socratis
781 1524 973 1608 sapientiam
995 1525 1117 1588 uati-15

105 1611 235 1676 cinctae
258 1615 314 1676 aut
327 1611 585 1696 magnificentius
608 1631 736 1680 carmen
751 1610 877 1674 uidetur
899 1611 956 1673 cut
970 1609 1076 1673 uerius

104 1715 206 1779 quam
234 1696 317 1780 quod
347 1695 430 1760 Iouii
456 1695 662 1778 Herculiiquc
689 1694 914 1778 pronuntiant,
943 1714 1077 1776 quorum

103 1801 147 1844 ne
172 1782 272 1844 nutus
294 1780 422 1863 quidem
440 1783 585 1864 possunt,
607 1800 674 1843 non
696 1778 790 1842 modo
806 1777 901 1860 dieta,
923 1776 1075 1842 reuocari.

104 1863 328 1948 quamobrem,
355 1867 392 1928 ut
414 1863 490 1949 dixi,
514 1863 563 1928 uir
584 1863 827 1950 perfectissime,
850 1883 988 1926 sexcena
1010 1860 1075 1944 illa,

103 1949 267 2034 quantum
299 1948 340 2013 ad
367 1950 524 2014 honorem
556 1951 696 2033 spectat,
731 1946 832 2031 accipi
867 1948 1008 2030 oportet,
1041 1967 1075 2010 re
1088 1965 1115 2006 ro

102 2035 218 2098 autem
246 2035 343 2116 atque
370 2055 429 2098 usu
454 2034 566 2118 delego
588 2034 710 2117 patriae
736 2031 852 2115 stipsi
873 2031 1077 2114 potissimum

103 2117 208 2269 {tt
229 2117 618 2288 titutitttnttt
633 2114 1076 2267 “ilidiindioiiilaiidiii

101 2285 312 2352 manifestius
339 2290 436 2371 atque
456 2287 612 2352 illustrius
641 2289 838 2368 retenturuS,
865 2287 894 2349 si
915 2285 961 2348 ita
986 2285 1075 2348 saluo

103 2371 243 2438 honoris
269 2372 333 2436 mei
355 2371 525 2456 priuilegio
553 2370 682 2436 doceam
710 2373 747 2434 ut
773 2391 824 2434 me
846 2368 982 2453 dignum
1003 2369 1075 2433 tali·
1089 2385 1115 2426 25

104 2457 170 2522 bus
203 2460 405 2520 aeternorum
432 2455 615 2541 principum
647 2454 772 2520 iudiciis
805 2453 937 2538 probem
970 2457 1075 2516 amore

102 2543 152 2606 rei
192 2540 349 2624 publicae.
400 2541 546 2626 equidem
582 2540 668 2624 ipsos
705 2540 830 2624 patriae
867 2538 941 2602 deos
974 2539 1077 2601 testor

102 2627 200 2690 tanto
223 2645 274 2689 me
297 2626 437 2692 ciuitatis
459 2627 551 2690 istius
574 2647 682 2690 amore
696 2625 832 2710 flagrare
854 2624 901 2706 ut,
924 2643 1074 2706 quocum-

175 2849 192 2896 6
209 2847 401 2912 intelligenciu
418 2848 441 2897 A
459 2845 469 2912 11
486 2849 502 2897 7
519 2861 645 2896 monerer
665 2851 693 2895 et
704 2846 750 2897 W:
768 2857 894 2895 moueret
911 2843 934 2892 A
952 2857 1077 2894 onercrer

104 2916 127 2963 V
147 2929 247 2966 onerer
264 2913 358 2978 (onere
375 2930 393 2965 u
411 2929 522 2966 onerem
539 2913 575 2973 m)
594 2914 615 2962 B
633 2915 650 2962 0
675 2911 685 2978 ΙΙ
710 2915 741 2962 12
760 2913 833 2975 crysi
849 2911 873 2960 A
890 2912 910 2959 B
931 2909 935 2974 Ι
961 2906 1073 2974 dieitur]

105 2983 248 3034 cutiturA
266 2983 385 3033 creditur
396 2997 421 3032 w
438 2981 448 3048 ΙΙ
468 2985 499 3032 14
516 2981 628 3032 deorum
642 2981 780 3031 Gruterus:
798 2993 890 3028 eorum
901 2980 928 3025 At
943 2976 948 3042 Ι
963 2992 1076 3042 praeco·

103 3051 163 3100 niis
179 3053 289 3115 seipsi:
306 3051 435 3116 praemiis
452 3051 478 3098 lt
502 3047 512 3114 u
543 3050 575 3100 15
593 3049 747 3099 uaticinate
764 3048 788 3097 A
804 3048 839 3096 B:
857 3046 1034 3096 uaticinitate
1052 3044 1075 3093 V

104 3117 282 3170 uaticinante
301 3121 320 3168 (i
337 3118 521 3170 uaticinantis
537 3131 562 3166 w
574 3115 585 3182 ΙΙ
598 3117 629 3166 17
650 3115 709 3166 ioui
725 3114 882 3180 herculique
900 3112 927 3160 H
939 3110 949 3178 ΙΙ
964 3113 994 3163 19
1013 3127 1075 3163 sex·

104 3189 193 3236 centa
203 3183 253 3252 1ss
266 3188 299 3237 20
314 3190 425 3250 oportet
436 3200 465 3235 re
478 3190 571 3236 antem
585 3189 667 3249 atque
682 3183 820 3234 Gruterus:
839 3185 965 3246 oportere
984 3185 1014 3231 at
1026 3183 1077 3230 aut

103 3251 181 3303 Bert.
201 3258 327 3318 oportere
341 3259 436 3304 autem
453 3254 556 3316 (autem
567 3269 615 3305 om.
626 3251 658 3316 B)
679 3255 729 3301 aut
742 3250 799 3314 (om.
810 3248 843 3315 V)
856 3265 908 3314 que
921 3251 948 3296 lt
967 3251 1075 3314 oportet

106 3336 142 3372 ea
160 3326 251 3372 autem
272 3320 336 3386 (rue.
352 3325 370 3372 8
387 3319 445 3384 liu.)
465 3335 497 3384 vr,
523 3327 650 3386 oportere
670 3321 781 3370 autumo
805 3323 889 3383 atque
907 3331 985 3368 usum
1002 3316 1075 3366 Liui-

104 3391 179 3440 neius
195 3385 208 3453 fl
223 3391 256 3440 23
275 3389 433 3440 continetur
450 3390 492 3440 ita
510 3387 550 3452 (ut
561 3386 704 3451 Liuineius)
723 3385 801 3437 saluo
819 3385 931 3436 honoris
948 3384 1003 3434 mei
1020 3383 1075 3447 pri-

104 3456 212 3520 uilegio
230 3455 343 3508 doceam
360 3457 412 3508 huc
430 3457 605 3506 manifestius
623 3460 705 3520 atque
719 3453 855 3504 illustrius
872 3457 1026 3504 retenturus
1043 3454 1076 3500 ut

106 3521 145 3588 (si
161 3523 305 3589 Liuineius)
324 3539 366 3574 mc
383 3523 494 3588 dignum
512 3523 560 3587 ii„
573 3524 721 3588 transposui
737 3530 762 3573 et
781 3523 805 3573 ei
821 3523 919 3573 inserui
