2578 4000
217 164 278 229 186
413 167 488 220 VIII.
518 164 666 219 INOERTI
684 165 851 220 GRATIAR.
871 167 982 218 ACTIO

216 338 276 382 oua
297 316 533 380 transmittant.
570 337 608 380 ex
631 337 693 398 quo
715 337 811 398 saepo
833 315 949 380 aooidit
971 318 1008 380 ut
1030 317 1183 402 obsequia

214 404 326 466 nostra
347 400 440 464 tarda
462 399 543 482 sint,
567 422 639 465 oum
662 421 833 484 paruarum
854 399 985 485 frugum
1006 402 1105 468 nobis
1120 403 1183 470 dif-

214 485 329 551 fieilior
362 485 404 555 sit
431 485 554 550 eueetio
588 507 684 569 quam
717 485 830 550 esteris
858 483 1078 569 plurimarum.
1125 509 1184 572 quo

214 571 335 655 magis,
354 570 554 738 imperator,
582 570 793 738 pi]etatit11ae
814 569 941 718 gratia?r
959 573 1184 720 agimuasdtqffi

189 677 288 720 soum
316 676 414 720 senes
457 676 609 720 llnerum
655 675 824 738 regronum
851 675 910 720 nos
943 677 1034 721 arum
1106 679 1185 724 rum

214 742 308 824 atque
329 744 494 822 aspectum
514 743 583 804 tam
598 739 727 805 foedum
741 743 871 823 tamque
891 761 1052 823 asperum,
1075 745 1185 810 tamen

214 824 271 889 illo
287 824 455 890 deflectere
478 828 511 888 et
524 825 636 889 urbem
653 824 743 888 illam
766 824 835 888 sola
857 824 927 909 opis
941 827 1017 890 tuae
1040 829 1184 909 expecta·

214 909 303 974 tione
322 909 485 972 uiuentem
507 909 667 974 illustrare
689 909 839 993 dignatus
864 930 908 973 es.
937 910 1013 977 boni
1028 910 1184 994 principis

215 995 264 1056 est
285 992 423 1058 libenter
446 1014 520 1058 suos
543 993 651 1058 uidere
666 993 786 1077 felices,
810 994 866 1058 sed
887 994 1028 1060 melioris
1045 995 1183 1062 inuisere

177 1100 202 1139 10
216 1078 312 1142 etiam
333 1077 526 1142 laborantes.
571 1076 604 1141 di
625 1078 718 1143 boni!
750 1079 897 1161 quisnam
919 1079 975 1143 ille
996 1083 1068 1146 tum
1091 1081 1183 1150 nobis

213 1161 320 1227 illuxit
342 1161 409 1226 dies
439 1162 515 1243 (iam
543 1161 629 1226 enirn
657 1164 697 1226 ad
719 1163 934 1246 praedicanda
959 1165 1102 1230 remedia
1129 1187 1183 1232 nu-

159 1303 161 1309 .
214 1246 309 1312 minis
332 1247 380 1311 tui
404 1246 515 1312 ordine
537 1268 595 1312 suo
616 1249 765 1331 peruenit
788 1249 914 1333 oratio),
936 1269 1008 1317 oum
1031 1252 1077 1332 tu,
1102 1249 1184 1333 quod

213 1331 353 1414 primurn
372 1332 466 1397 nobis
488 1332 617 1416 signum
638 1332 750 1398 salutis
765 1332 838 1416 fuit,
862 1336 971 1416 portas
987 1334 1082 1398 istius
1097 1335 1183 1400 urbis

214 1415 368 1482 intrasti?
403 1438 484 1500 quae
511 1420 544 1480 te
572 1416 684 1480 habitu
710 1418 766 1482 illo
795 1418 831 1482 in
856 1419 962 1484 sinum
989 1419 1124 1486 reducto
1153 1422 1183 1484 et

176 1522 201 1562 rs
214 1501 477 1582 procurrentibus
505 1502 665 1585 utrimque
692 1501 834 1566 turribus
868 1503 1017 1586 amplexu
1046 1504 1181 1587 quodam

213 1585 405 1649 uidebantur
427 1585 580 1668 accipere.

277 1668 368 1734 VHI.
407 1669 543 1736 Miratus
566 1692 613 1749 es,
637 1671 821 1755 imperator,
843 1671 928 1736 unde
951 1693 985 1736 se
1007 1671 1070 1736 tibi
1092 1675 1182 1738 tanta

214 1753 344 1819 obuiam
373 1754 551 1820 effunderet
579 1756 767 1840 multitudo,
807 1778 879 1820 oum
907 1755 1117 1820 solitudinem
1146 1779 1181 1821 ex

213 1839 322 1904 uioino
342 1843 453 1906 monte
473 1840 618 1905 uidisses.
643 1862 754 1906 omnes
776 1841 862 1908 enim
882 1862 955 1904 exa
996 1841 1024 1904 is
1039 1842 1181 1908 omnium

174 1945 201 1984 ao
214 1926 357 1990 aetatum
388 1923 535 1990 homines
570 1925 824 1991 oonuolauerunt
852 1929 888 1989 ut
914 1862 1063 1990 liddam
1091 1947 1181 2010 quam

214 2009 419 2090 superstitem
452 2009 515 2072 sibi
542 2009 679 2074 libenter
710 2013 869 2092 optarent.
915 2009 999 2093 quod
1026 2011 1114 2081 enim
1143 2010 1181 2078 ad

212 2093 438 2238 {ropagalrlrdos
466 2093 601 2240 aliorlln
629 2093 813 2244 pffiroipgm
841 2095 1087 2244 dielilfflemlii
1100 2117 1180 2248 ulli·

235 2196 326 2239 orum
374 2197 472 2240 onore
502 2197 557 2242 ora
594 2198 610 2241 r
667 2201 711 2241 11
785 2201 844 2244 ons
880 2202 901 2244 n
954 2200 971 2242 e
1016 2201 1052 2244 so
1164 2200 1182 2244 a

213 2259 355 2324 omnium
382 2264 529 2326 nostrum
554 2225 623 2326 fatri
650 2227 774 2328 uiatirro
800 2264 902 2330 securi
932 2228 1101 2348 uoiemus,
1133 2265 1182 2332 oui

171 2359 200 2403 'ss
213 2346 279 2410 tarn
301 2344 400 2429 longa
428 2349 517 2410 aetas
540 2347 669 2432 propria
692 2348 854 2412 debeatur.
899 2369 1018 2433 magna
1040 2351 1091 2414 est
1112 2371 1182 2433 pro·

212 2427 299 2493 fecto
327 2429 377 2494 uis
403 2436 477 2513 post
505 2431 690 2496 diuturnam
716 2433 950 2518 aegritudinem
978 2437 1075 2517 atque
1099 2455 1182 2503 mae·

213 2513 335 2579 stitiam
378 2516 577 2599 surgentium
641 2517 816 2582 audiorum.
873 2518 972 2583 caluit
1013 2519 1049 2583 in
1090 2518 1183 2585 nobis

212 2596 297 2659 ultra
323 2598 407 2661 uires
437 2600 561 2663 animus
596 2539 639 2666 ad
663 2601 833 2685 laetitiam,
869 2605 902 2666 et
930 2602 1068 2686 quodam
1095 2624 1183 2685 prae·

213 2681 303 2764 sagio
331 2684 485 2748 uenturae
513 2684 680 2750 felicitatis
709 2687 786 2751 elati
813 2693 841 2752 te
862 2689 954 2750 tanta
983 2687 1183 2752 exultatione

281 2823 295 2870 1
314 2823 484 2872 transmittat
496 2823 596 2873 ΔΒΗ
609 2822 618 2889 11
632 2827 647 2876 2
661 2841 811 2890 paucarum
823 2827 881 2876 edd.
895 2822 934 2890 15
953 2827 1085 2876 itinerum
1103 2827 1182 2874 seelu-

210 2889 245 2938 sr't
257 2889 390 2942 Acidaliae
402 2891 539 2940 internum
551 2906 610 2957 reg.
624 2909 668 2948 uo.
681 2893 806 2946 habitum
819 2893 950 2957 Hauptira
962 2896 978 2942 l.
991 2896 1009 2943 l.
1024 2891 1028 2957 1
1048 2893 1182 2956 aditumq;

210 2957 232 3005 A
250 2953 260 3020 11
279 2959 311 3008 10
329 2957 356 3008 di
375 2954 454 3024 boni]
473 2959 514 3010 DI
531 2961 598 3014 min.
615 2959 699 3022 Bert..
717 2964 783 3012 unde
801 2961 963 3012 inmortales
979 2961 1126 3017 Liuineius:
1145 2959 1183 3008 dii

212 3022 264 3074 mni
277 3025 308 3085 A,
328 3027 394 3075 unde
413 3025 441 3077 di
458 3027 553 3092 magni
569 3026 718 3093 malimll12
736 3044 786 3080 suo
804 3029 933 3094 peruenit
944 3030 967 3078 A
978 3027 1074 3080 Beer:
1093 3042 1183 3092 super·

210 3091 289 3142 uenit
298 3092 408 3141 BGVW
420 3090 430 3158 11
444 3096 475 3143 17
484 3095 555 3146 esra
567 3092 577 3160 11
591 3097 622 3145 19
632 3111 740 3158 omnem
753 3099 834 3148 malas
845 3097 970 3149 omnibus
982 3093 993 3161 11
1005 3098 1039 3148 20
1050 3096 1183 3152 aetatum]

212 3173 227 3206 e
245 3161 326 3208 tantu
343 3160 366 3208 A
380 3160 385 3222 1
402 3161 837 3230 oonuolauerantltitcerrbusiusn
850 3167 881 3215 21
902 3159 967 3230 sibi]
987 3164 1046 3216 sia
1062 3161 1067 3228 1
1083 3161 1120 3214 ad
1137 3177 1175 3217 om

209 3223 285 3277 Bert.
299 3222 354 3290 122
372 3227 431 3278 dies
449 3245 495 3282 om.
507 3228 557 3277 AG
573 3237 607 3293 et,
625 3237 652 3279 ut
669 3233 729 3294 uid„
747 3231 821 3282 Bere.
840 3247 928 3283 annos
945 3233 1006 3286 add.
1017 3233 1156 3282 arenam
1177 3227 1180 3290 1

211 3289 365 3344 solennium
383 3294 458 3345 Bert.
470 3294 480 3360 11
494 3299 526 3349 23
545 3297 646 3348 honore
663 3314 726 3364 ego:
747 3314 821 3350 more
839 3301 867 3348 H
882 3297 887 3364 1
903 3305 995 3350 oratur
1012 3301 1124 3364 sampsi:
1141 3298 1183 3348 iu-

210 3362 289 3408 ratur
305 3360 334 3407 1
352 3366 471 3412 uouetur
487 3365 671 3416 bitterrenses
688 3365 698 3431 11
716 3369 749 3417 24
767 3369 856 3418 uictor
873 3370 891 3418 0
908 3365 918 3431 11
940 3367 973 3418 26
991 3365 1111 3417 debetur
1127 3365 1150 3413 A
1169 3365 1181 3428 11

210 3426 243 3475 28
262 3425 334 3476 uires
352 3427 480 3486 Altera:
497 3431 570 3482 uires
588 3437 697 3484 nostras
714 3435 843 3484 Bcvw
855 3430 865 3498 11
878 3437 911 3485 29
929 3430 1013 3499 uent]
1035 3435 1149 3486 futurae
1166 3435 1183 3481 0

213 3491 216 3556 1
236 3496 262 3541 te
278 3501 340 3555 poet
358 3494 425 3544 elati
442 3498 543 3556 addidi.
560 3506 622 3562 poet
639 3504 719 3551 tanta
737 3503 808 3554 edd„-
828 3518 874 3552 om.
893 3503 920 3550 Al
