2578 4000
223 181 285 245 196
545 179 593 230 rx,
624 179 775 231 monam
793 179 873 231 Pau.

224 332 312 413 cula,
341 334 374 394 te
403 330 594 395 abolitarum
622 329 868 410 calumniarum,
896 331 929 392 te
956 328 1193 412 prohibitarum

224 416 435 497 delationum,
464 417 497 478 te
519 413 702 478 conseruati
724 413 811 476 orbis
840 416 936 496 atque
958 413 1195 477 homicidarum

224 500 391 585 sanguinis
406 499 592 584 gratulatio,
615 499 647 562 in
662 501 730 561 tam
745 497 872 561 diuersa
887 519 1053 562 causarum
1067 499 1195 562 ratione

223 586 334 649 diuino
356 583 502 666 consilio,
525 583 708 666 imperator,
731 581 792 646 hoo
815 585 864 645 est
877 584 943 666 tuo,
967 602 1033 645 non
1053 581 1195 646 militnm

198 669 472 751 multitudinem,
495 668 551 731 sed
596 667 713 730 artium
735 667 849 730 merita
871 666 1056 730 numerasti.

287 753 327 818 V.
374 753 514 837 Magnus
537 690 731 834 Aidxander,
756 772 828 814 cum
849 754 977 834 praeter
998 750 1195 815 Macedonas

224 859 298 904 suos
327 839 461 902 cunctae
484 835 653 918 Graeciae,
680 836 832 900 uniuerso
855 833 984 918 Illyrico
1011 836 1196 900 innumera·
1269 843 1271 858 ¹

224 922 321 986 bilem
358 922 509 986 dilectum
541 924 651 1004 posset
682 920 838 1001 indicere,
876 941 1053 1004 numquam
1086 924 1196 984 tamen

224 1007 361 1070 maiores
390 1005 603 1090 quadraginta
635 1004 761 1068 milium
795 1005 903 1088 copias
933 1005 1023 1068 duxit
1052 1003 1196 1068 inhabile

188 1111 213 1150 ιο
225 1091 352 1175 regenti
374 1092 479 1172 ratuS,
504 1087 655 1173 quicquid
678 1089 858 1172 excederet,
886 1091 919 1153 et
939 1088 1067 1152 turbam
1090 1091 1197 1172 potius

225 1196 323 1259 quam
358 1174 541 1238 exercitum.
585 1179 621 1238 tu
650 1195 725 1238 uero
760 1174 857 1237 etiam
888 1174 1067 1237 minoribus
1098 1175 1198 1256 copiis

225 1260 345 1324 bellum
366 1259 467 1322 multo
488 1258 590 1322 maius
614 1280 784 1342 aggressus
808 1279 851 1340 es,
874 1260 966 1322 tanto
988 1257 1114 1322 scilicet
1128 1279 1199 1341 pro·

225 1344 297 1428 pria
311 1346 367 1408 tua
382 1343 504 1408 uirtute
519 1343 626 1427 potior
641 1345 760 1426 quanto
776 1342 831 1406 ille
850 1363 984 1408 numero
998 1341 1199 1406 instructior.

226 1433 259 1493 et
280 1428 334 1492 ille
379 1427 485 1493 uidem
509 1431 620 1491 contra
642 1427 729 1490 leues
751 1425 862 1491 Medos
891 1430 923 1491 et
943 1426 1079 1491 inbelles
1102 1425 1199 1510 Syros

190 1531 214 1570 15
228 1517 261 1577 et
287 1451 479 1576 Parthorum
513 1533 602 1575 arma
629 1511 768 1575 uolatica
801 1514 833 1576 et
861 1512 1021 1576 Asiaticos
1049 1513 1199 1595 optantes

227 1600 351 1661 mutare
380 1595 547 1660 seruitium
576 1617 644 1660 rem
672 1597 773 1680 gessit
798 1596 913 1680 proelii
940 1597 1035 1660 unius
1064 1599 1198 1659 euentu:

120 1709 122 1713 ·
227 1682 287 1745 tibi
314 1681 467 1745 uincendi
496 1684 588 1745 erant
615 1680 732 1746 milites
761 1681 833 1765 (pro
855 1680 980 1764 netem)
1002 1680 1101 1764 paulo
1125 1684 1200 1744 ante

227 1765 385 1847 Romani,
409 1765 506 1829 armis
529 1764 678 1829 omnibus
698 1785 786 1829 more
807 1765 929 1848 primae
952 1764 1063 1829 classis
1085 1765 1201 1830 armati

230 1856 263 1915 et
291 1871 350 1933 pro
372 1850 553 1915 facinorum
582 1849 780 1914 conscientia
805 1871 980 1932 numquam
1005 1849 1069 1913 nisi
1098 1851 1200 1914 morte

191 1953 216 1992 20
230 1935 359 2000 cessuri.
404 1934 553 2017 probauit
573 1934 636 1998 hoc
657 1934 761 2016 prima
791 1933 965 1999 obstinatio
987 1955 1115 2016 eorum,
1148 1933 1200 2017 qui
1272 1951 1273 1974 ¹

230 2020 288 2086 sub
311 2018 389 2102 ipsis
407 2017 540 2101 Alpium
562 2018 658 2102 iugis,
680 2019 932 2082 munitissimum
952 2018 1029 2082 licet
1050 2039 1143 2081 muro
1166 2039 1202 2081 ac

230 2105 294 2168 situ
320 2104 469 2164 tenentes
498 2101 666 2182 oppidum,
698 2101 768 2165 ausi
793 2103 924 2167 fuerunt
951 2105 983 2166 te
1011 2103 1202 2166 imminente

229 2186 378 2248 resistere
401 2206 439 2247 ao
460 2190 571 2267 portas
595 2185 758 2271 claudere;
787 2208 853 2251 non
876 2187 1041 2252 credentes
1063 2187 1113 2250 illi
1136 2187 1203 2270 qui-

231 2270 319 2352 dem,
341 2271 378 2331 ut
399 2268 509 2352 audie,
532 2268 637 2352 ipsum
656 2273 688 2334 te
711 2271 820 2336 adesse
845 2272 928 2355 (quis
951 2271 1037 2335 enim
1059 2270 1204 2335 crederet

193 2370 218 2410 2⁵
231 2357 299 2418 tam
323 2353 387 2418 cito
411 2375 430 2416 a
451 2351 566 2417 Rheno
589 2354 628 2418 ad
650 2354 750 2438 Alpes
772 2356 997 2439 imperatorem
1020 2377 1092 2419 cum
1116 2377 1204 2420 exer·
1273 2357 1274 2414 ³

232 2438 297 2503 citu
312 2437 544 2522 paruolasset),
568 2439 623 2502 sed
638 2441 748 2503 tamen
763 2441 817 2525 qui
839 2462 905 2504 non
921 2441 1023 2505 solum
1039 2441 1205 2523 praesenti

231 2523 357 2587 numini
384 2525 456 2606 tuo,
492 2543 603 2586 uerum
633 2523 729 2587 etiam
757 2524 908 2589 nuntiato
937 2525 1062 2589 nomini
1092 2525 1205 2590 cedere

233 2606 428 2671 debuissent.
461 2607 590 2671 luerunt
611 2609 710 2692 igitur
731 2608 806 2674 ilico
829 2608 1007 2674 dementiae
1031 2630 1107 2673 suae
1130 2631 1205 2693 poe-

232 2712 303 2773 nas,
327 2711 400 2755 cum
422 2689 562 2756 oblatam
585 2692 646 2757 sihi
668 2715 688 2756 a
708 2691 875 2757 clementia
889 2697 946 2758 tua
967 2693 1095 2758 ueniam
1116 2715 1205 2758 recu·

195 2793 221 2832 ³0
234 2782 368 2840 sassent.
396 2798 500 2860 neque
520 2777 606 2842 enim
627 2777 713 2841 uallo
728 2777 877 2862 fossaque
894 2777 1036 2842 obsessio
1051 2777 1206 2842 inchoata

235 2864 293 2944 est,
317 2883 377 2925 nec
399 2862 556 2926 cuniculis
580 2863 712 2946 agendis
735 2884 795 2928 nec
817 2861 975 2926 machinis
997 2861 1206 2928 admonendis

303 3103 318 3148 2
331 3104 358 3149 te
371 3102 420 3150 del.
433 3113 457 3148 w
473 3099 476 3162 Ι
495 3101 653 3151 conseruati
665 3101 738 3151 orbis
750 3102 888 3152 dustrem:
901 3101 1077 3152 conseruatio
1090 3103 1119 3150 H
1136 3102 1206 3153 P.R.

188 3211 189 3216 ,
237 3167 395 3217 conseruati
413 3169 548 3218 Acidaliae
570 3165 607 3231 18
626 3167 759 3219 delectum
777 3171 795 3217 0
812 3167 821 3234 {l
839 3171 854 3220 9
871 3169 981 3220 milibus
996 3168 1131 3221 Liuineius
1149 3167 1160 3234 ll
1178 3171 1209 3218 10

141 3231 143 3237 “
236 3234 364 3283 iratusA
387 3231 397 3298 ΙΙ
423 3235 453 3283 12
472 3236 558 3285 maius
589 3235 676 3300 magia
695 3232 863 3302 Glerop.
881 3242 931 3287 tua
948 3237 1012 3286 uirt.
1031 3237 1054 3284 Δ
1072 3237 1120 3286 W:
1143 3239 1207 3288 uirt.

237 3306 285 3351 tua
303 3315 382 3364 prop.
400 3301 420 3348 B
439 3303 496 3366 (JV
525 3300 535 3366 ss
566 3305 597 3352 17
616 3307 695 3352 erant
713 3303 876 3354 uincendic
904 3301 914 3369 ΙΙ
943 3307 975 3354 21
994 3305 1210 3355 munitissimum

236 3369 384 3417 Liuineius:
404 3370 588 3419 munitissimo
606 3371 633 3418 Π
660 3367 664 3433 Ι
691 3370 798 3421 scilicet
816 3373 950 3422 Acidaliae
980 3368 990 3436 l
1019 3374 1053 3422 24
1070 3372 1165 3436 ipsum
1183 3377 1209 3420 te

236 3434 314 3482 AWz
333 3439 359 3482 te
376 3436 466 3498 ipsum
483 3437 563 3485 ΒΗ
579 3434 589 3501 ΙΙ
606 3438 638 3486 26
657 3438 705 3487 sed
724 3440 771 3502 qui
788 3444 882 3488 tamen
897 3435 1089 3503 Gruteruess2'l
1109 3441 1208 3490 cedere

238 3514 276 3549 w:
296 3501 406 3550 credere
419 3502 446 3549 Π
459 3502 533 3552 Bert.
548 3502 557 3569 ll
575 3506 607 3554 28
625 3505 711 3567 igitur
728 3508 778 3561 del.
793 3521 818 3555 w
830 3505 840 3571 ΙΙ
857 3510 890 3558 30
908 3506 983 3557 uallo
1002 3509 1077 3560 edd:
1096 3507 1172 3558 hello
1183 3508 1210 3555 Π
