2582 3992
439 177 599 231 TRAIANO
618 179 652 230 D.
689 180 799 243 al-ee.
1062 179 1103 245 87

127 328 258 394 animos
280 326 428 392 debilitat
447 329 479 391 et
499 326 635 412 frangit,
659 327 742 392 nihil
763 328 875 393 inuitis
899 329 1101 414 audiendum,

21 483 23 490 .
129 414 214 480 nihil
242 411 361 478 coactis
388 411 623 477 decernendum
657 412 727 480 erit.
762 417 871 478 manet
898 415 1103 500 manebitque

129 497 247 564 honori
280 497 445 562 ueneratio
475 517 548 580 sua,
585 518 645 562 nec
678 497 881 563 securitatem
914 501 1103 566 auctoritate

154 583 311 648 ardemus.
353 603 390 647 ac
418 581 447 646 si
474 581 548 665 quid
583 582 666 646 forte
695 604 734 646 ex
761 583 943 648 consulatus
969 584 1102 670 fastigio

129 606 232 733 luerit
254 666 457 749 diminutum,
488 668 599 732 nostra
626 666 705 732 haec
734 666 794 731 erit
817 667 921 752 culpe,
944 689 1011 733 non
1033 685 1130 734 sae-⁵

129 750 208 818 culi.
246 752 322 816 licet
343 752 438 836 enim,
488 753 622 816 uantum
645 752 685 815 ad
707 751 896 836 prinoipem,
925 753 1001 817 licet
1021 754 1102 819 tales

127 836 278 902 consules
300 856 395 920 agere
418 773 527 921 quiles
550 839 625 901 ante
645 837 807 920 principes
830 840 928 902 erent.
961 838 1103 903 ullamne

132 921 193 986 tibi
215 943 275 1004 pro
297 920 462 986 beneficiis
482 921 600 986 referre
621 922 761 1006 gratiam
776 942 887 1005 parem
909 923 1100 1006 possumus?

128 1005 194 1070 nisi
216 1010 325 1070 tamen
347 1005 437 1071 illam
470 1009 507 1069 ut
535 1027 661 1090 semper
682 1026 742 1070 nos
764 1007 1003 1072 meminerimus
1027 1029 1101 1072 con·

129 1091 216 1156 sules
239 1090 340 1156 fuisse
363 1092 396 1156 et
417 1090 564 1155 eonsules
586 1093 668 1171 tuoe,
698 1112 737 1155 ea
759 1091 945 1176 sentiamus,
969 1113 1007 1157 ea
1030 1110 1142 1157 een-1⁰

129 1197 256 1242 scamus
301 1197 360 1240 uae
383 1175 605 1240 consularibus
633 1175 732 1261 digna
754 1178 839 1260 sunt,
870 1177 916 1240 ita
937 1198 1102 1242 uersemur

129 1261 166 1325 in
188 1282 223 1326 re
245 1283 289 1344 pu
313 1260 378 1326 lica
400 1263 437 1324 ut
458 1260 624 1325 credamus
652 1281 721 1325 esse
748 1261 1010 1344 rempublicam,
1033 1284 1101 1327 non

127 1345 302 1411 consilium
329 1347 486 1429 nostrum,
521 1365 589 1410 non
623 1364 753 1428 operam
781 1343 1007 1412 subtrahamus
1040 1367 1101 1412 neo

128 1429 301 1494 defunctos
317 1451 376 1494 nos
398 1433 429 1494 et
448 1430 539 1513 quasi
563 1429 710 1494 dimissos
732 1428 908 1514 consulatu,
931 1429 987 1494 sed
1004 1431 1101 1520 ⁸quasi

126 1516 278 1580 astrictos
313 1516 346 1579 et
378 1513 545 1579 deuinctos
578 1517 727 1598 putemus
761 1515 958 1599 eundemque
991 1515 1099 1581 locum
1115 1531 1140 1573 1⁵

129 1599 250 1667 laboris
272 1601 305 1664 et
327 1620 421 1664 curae
451 1620 546 1682 quem
573 1599 773 1664 reuerentiae
802 1599 1031 1684 dignitatisque
1052 1603 1100 1665 te·

127 1690 284 1748 neamus*

186 1800 301 1868 XCIV.
323 1801 363 1865 In
383 1801 448 1866 fine
468 1800 623 1865 orationis
639 1801 800 1884 praesides
820 1802 1027 1886 custodesque
1041 1805 1100 1866 im·

128 1887 212 1971 perii
223 1886 315 1951 diuos
331 1906 391 1971 ego
410 1885 521 1950 consul
533 1907 592 1970 pro
603 1885 697 1950 rebus
711 1885 860 1950 humanis
876 1907 913 1951 ac
930 1889 962 1950 te
979 1887 1099 1970 praeci-

128 1992 202 2056 pue,
213 1970 396 2055 Capitoline
403 1970 555 2068 Iuppiter,
570 1991 683 2056 precor
695 1974 732 2034 ut
741 1970 904 2036 beneficiis
916 1971 980 2035 tuis
992 1970 1099 2036 faueas
1113 1989 1139 2030 io

128 2057 296 2140 tantisque
329 2056 515 2120 muneribus
555 2056 651 2120 addas
683 2056 941 2140 perpetuitatem.
982 2055 1099 2120 audisti

151 2163 209 2206 nee
237 2139 322 2204 malo
349 2139 488 2226 principi
522 2142 744 2225 precabamur,
779 2140 893 2205 exaudi
927 2161 1008 2225 quae
1040 2162 1099 2224 pro

128 2163 345 2290 dissimillimo
380 2228 539 2309 optamus.
586 2247 653 2290 non
685 2228 718 2290 te
750 2225 971 2310 distringimus
1003 2225 1098 2290 uotis.

128 2331 196 2375 non
218 2309 305 2375 enim
326 2331 447 2394 pacem,
470 2331 536 2374 non
558 2310 771 2390 concordiam,
795 2330 862 2375 non
885 2310 1098 2393 securitatem,

128 2416 196 2460 non
218 2415 296 2479 opes
319 2415 458 2477 oramus,
487 2414 554 2458 non
580 2394 733 2460 honores:
762 2393 899 2479 simplex
921 2399 1098 2478 cunctaque
1112 2411 1138 2454 25

127 2481 192 2544 ista
215 2479 417 2564 complexum
439 2479 581 2543 omnium
608 2482 718 2544 uotum
741 2481 798 2563 cst,
822 2479 908 2543 salus
930 2479 1094 2563 principis.

129 2585 189 2630 nec
211 2585 289 2630 uero
311 2585 395 2628 noua
420 2563 481 2627 tibi
509 2563 716 2649 iniungimus.
751 2567 788 2628 tu
817 2564 903 2628 enim
929 2565 992 2628 iam
1020 2567 1098 2628 tunc

129 2649 219 2714 illum
242 2649 276 2714 in
297 2649 431 2712 tutelam
451 2647 611 2732 recepisti,
634 2671 708 2713 cum
726 2649 899 2732 praedonis
920 2647 1099 2713 auidissimi

129 2734 276 2798 faucibus
299 2733 452 2816 eripuisti.
482 2734 687 2816 nequeenim
708 2733 777 2798 sine
798 2733 1002 2815 auxili0tu0,
1026 2753 1099 2797 cum

129 2818 288 2883 altissima
325 2839 467 2902 quaeque
507 2820 731 2901 quaterentur,
767 2818 820 2882 hic
858 2817 913 2900 qui
950 2817 1140 2882 omnibusao

129 2902 285 2968 excelsior
312 2906 382 2966 erat
413 2904 622 2967 inconcussus
652 2903 757 2967 stetit:
791 2900 982 2985 praeteritus
1010 2903 1099 2965 esta

197 3171 337 3243 9tamen]
358 3179 452 3228 tumtl
474 3174 485 3241 l
511 3177 542 3227 12
560 3180 591 3227 nt
610 3173 684 3226 cred.
709 3190 769 3225 csse
793 3173 1009 3240 temporavi
1031 3171 1042 3241 1
1067 3175 1100 3228 14

128 3239 291 3311 defunctos]
317 3245 472 3296 disiunctos
496 3246 555 3296 edd.
578 3243 721 3295 deiunctos
747 3243 896 3293 Duetnerus
919 3239 929 3307 fl
960 3245 991 3294 19
1009 3239 1098 3310 diuos]
1155 3303 1158 3308 Ι

129 3309 196 3361 deos
215 3311 274 3361 edd.
302 3310 307 3377 Ι
335 3312 431 3363 consul
448 3325 485 3362 w:
509 3312 638 3364 eonsules
656 3313 683 3360 Η
706 3307 716 3377 fl
740 3312 773 3360 22
791 3310 909 3376 principi
927 3312 1001 3361 edd:
1024 3311 1099 3376 prin·

127 3377 189 3442 cipe
206 3379 233 3426 Π
252 3393 301 3444 pro
320 3379 391 3431 malo
409 3381 534 3445 principe
552 3392 577 3427 vr
600 3377 610 3446 u
638 3380 671 3429 26
689 3393 772 3428 unum
790 3378 909 3428 omnium
927 3378 1073 3430 Garanum
1084 3376 1097 3444 ΙΙ

130 3445 163 3494 26
180 3443 283 3496 uotuC
300 3443 310 3512 ll
327 3449 359 3498 27
380 3463 453 3497 nous.
470 3460 507 3496 w:
528 3463 627 3498 nouam
644 3443 760 3513 Iliam
778 3448 860 3498 onec
883 3443 894 3512 [Ι
922 3447 953 3496 31
972 3450 1100 3512 praeter·

127 3509 185 3563 itus
203 3527 234 3579 ςε
252 3516 461 3580 perterritus!
