2582 3992
164 153 224 218 118
451 153 497 204 rv.
523 152 684 204 1111111111
701 150 838 203 carrio

161 306 255 368 tanta
281 323 334 365 me
362 304 417 364 aut
444 299 651 385 neglegentia
678 302 734 364 aut
760 299 954 363 confidentia
975 301 1066 364 tenet
1093 303 1129 364 ut

161 389 302 452 nesciam
324 389 445 470 quanta
467 385 511 450 sit
536 386 620 448 inter
642 383 725 448 hanc
753 384 854 448 aciem
876 384 938 447 fori
964 387 998 447 et
1017 386 1129 448 nostra

160 472 218 536 illa
244 476 366 537 secreta
393 468 569 534 studiorum
602 469 753 533 exercitia
782 467 962 532 diuersitas.
1006 466 1052 531 ibi
1080 489 1128 532 ar-

161 559 291 620 mantur
318 554 464 639 ingenia,
491 553 547 617 ,hie
569 553 776 636 proeliantur.
820 552 866 616 ibi
892 552 1048 635 prolusio,
1075 551 1129 617 hic

136 661 149 702 5
161 661 273 725 pugna
296 639 514 704 committitur.
552 637 605 702 hic
626 637 812 720 plerumque
834 636 922 700 uelut
943 635 1074 700 sudibus
1097 640 1130 701 et

160 719 1058 891 111111111111111ἒὲἓὲ11111111
1075 719 1128 868 ll?

159 896 239 957 natu
260 891 409 955 laudatur
428 894 545 974 orator,
568 895 614 974 ut,
637 891 664 954 si
679 853 811 972 uterquia
832 889 984 974 experiun
1007 890 1128 954 icausa

160 976 268 1040 officia
290 977 502 1057 commutent,
533 975 631 1038 alium
651 974 783 1058 quidam
803 974 953 1038 tubarum
976 995 1074 1038 sonus
1097 977 1130 1038 et

122 1080 147 1119 ro
161 1061 312 1144 strepitus
333 1080 504 1144 armorum,
527 1059 624 1126 alium
646 1059 802 1143 quaedam
822 1057 976 1142 triumphi
999 1056 1129 1122 schema

161 1145 329 1209 deterreat.
1039 1186 1042 1191 -

223 1227 283 1294 III.
318 1227 392 1294 Scio
415 1226 504 1310 haec,
528 1229 670 1312 inquam,
693 1227 744 1292 uir
758 1226 1001 1310 perfectissime,
1023 1247 1128 1310 neque

160 1333 211 1377 me
237 1313 341 1378 sciens
363 1312 457 1396 fall03
491 1315 523 1377 et
545 1312 664 1377 idcirco
686 1315 814 1376 tantum
837 1311 928 1376 abest
948 1314 985 1374 ut
1006 1332 1057 1376 me
1079 1332 1128 1375 re·

159 1397 246 1462 lictis
268 1396 403 1462 docendi
425 1397 704 1481 praecipiendiquc
730 1395 908 1460 rationibus
931 1396 1128 1462 orationibus

121 1499 146 1541 11
160 1484 271 1566 aptum
294 1485 387 1565 atque
409 1481 557 1546 idoneum
579 1485 699 1565 putem,
723 1483 759 1544 ut
779 1481 816 1544 111
837 1479 898 1544 hoc
917 1479 1021 1562 ipsum
1044 1480 1129 1564 quod

158 1567 211 1630 uel
233 1587 297 1630 unc
320 1567 372 1630 die
394 1569 488 1650 atque
516 1588 581 1630 una
603 1565 698 1631 dere
726 1565 761 1628 in
781 1563 851 1628 foro
873 1564 978 1628 dicam
999 1565 1128 1629 ueniam

158 1651 262 1736 magis
284 1651 405 1734 possim
428 1672 555 1734 sperare
577 1672 672 1734 quam
694 1649 840 1734 gloriam.
877 1669 1070 1733 quamquam
1091 1650 1127 1714 in

158 1735 219 1799 hac
241 1735 394 1819 oratione,
417 1735 468 1799 uir
484 1734 724 1818 perfectissime,
747 1734 810 1798 loci
832 1733 1055 1798 tantummodo
1077 1733 1127 1798 in-

160 1820 310 1903 solentia,
341 1841 407 1884 non
435 1819 561 1884 dicendi
587 1819 731 1883 nouitate
759 1817 941 1901 perturber,
970 1818 1127 1902 siquidem

121 1921 147 1960 20
159 1903 191 1966 id
214 1906 342 1987 postulo
371 1903 453 1988 quod
476 1924 543 1967 non
563 1903 659 1967 modo
686 1901 932 1966 contradicendo
955 1923 1050 1966 nemo
1073 1925 1126 1966 au·

160 1988 233 2053 deat
254 1988 419 2071 impedire,
442 1986 498 2051 sed
519 2008 629 2052 omnes
644 1987 749 2070 potius
772 1987 887 2069 quibus
909 1986 1018 2050 diuina
1037 1988 1127 2070 prin·

159 2073 265 2154 cipum
288 2072 474 2152 liberalitas,
504 2071 619 2154 quibus
642 2071 730 2134 urbis
751 2070 843 2135 istius
865 2071 1033 2155 restitutio,
1057 2072 1126 2154 qui-

158 2155 219 2219 bus
235 2156 429 2238 optimarum
449 2155 566 2218 artium
582 2154 753 2219 celebratio
767 2157 862 2238 grata
877 2159 971 2239 etque
989 2155 1127 2220 iocunda

159 2242 209 2302 est
230 2260 353 2303 summo
368 2239 484 2324 gaudio
505 2242 538 2303 et
551 2238 659 2304 fauore
675 2239 862 2322 suscipiant,
886 2242 922 2302 ut
936 2239 1125 2306 Maeuianae

120 2340 146 2380 25
159 2323 234 2388 illae
249 2323 352 2390 scolae
370 2323 531 2408 quondam
545 2323 758 2407 pulcherrimo
781 2345 877 2408 opere
899 2327 932 2387 et
946 2325 1125 2390 studiorum

160 2406 341 2491 frequentia
364 2409 504 2473 celebres
528 2413 560 2473 et
580 2408 720 2473 illustres
742 2408 831 2472 iuxta
848 2411 952 2474 cetera
975 2431 1056 2492 quae
1078 2410 1124 2474 in·

159 2496 344 2557 staurantur
366 2514 463 2576 opera
486 2514 524 2556 ac
541 2493 663 2576 templa
680 2496 877 2576 reparentur.
906 2493 953 2556 ita
969 2497 1125 2576 quantum

159 2576 238 2640 mihi
260 2577 482 2661 trepidationis
504 2577 597 2640 affert
617 2577 715 2660 locus,
737 2580 865 2642 tantum
886 2577 1009 2641 releuat
1032 2599 1125 2642 causa

159 2660 295 2724 dicendi.
337 2682 432 2745 quam
455 2661 584 2744 quidem
607 2683 682 2745 egO,
706 2663 755 2725 uir
776 2661 1024 2746 perfectissime,
1048 2663 1125 2726 duas

120 2761 146 2801 30
158 2745 194 2808 in
221 2749 330 2830 partes
350 2745 501 2811 'arbitror
534 2745 753 2830 diuidendum,
792 2749 828 2809 ut
877 2746 943 2810 rius
973 2745 1125 2825 disseram

158 2851 254 2913 quam
277 2831 320 2895 sit
346 2853 386 2895 cx
407 2852 467 2895 usu
495 2834 528 2894 et
550 2829 656 2895 officio
682 2852 762 2915 opus
784 2830 842 2894 illu
891 2831 931 2892 ad
953 2831 1124 2914 pristinam

226 3069 242 3118 4
259 3068 414 3133 proeliatur
430 3070 451 3117 B
470 3069 487 3116 0
505 3069 527 3116 V
547 3067 551 3132 Ι
571 3068 694 3134 prolusio
712 3072 735 3119 Δ
746 3067 779 3116 W
790 3069 879 3119 Bert:
898 3068 1021 3133 prelusic
1038 3070 1058 3117 a
1073 3071 1125 3118 cv

111 3175 115 3182 .
159 3130 171 3200 ll
192 3137 207 3186 7
226 3135 351 3186 sordibus
369 3136 403 3198 A;
422 3137 457 3198 ef.
469 3137 537 3189 Hor.
557 3139 597 3187 ccl.
611 3135 647 3186 II
658 3139 681 3196 1,
699 3139 734 3186 22
752 3133 762 3202 ΙΙ
779 3138 794 3187 9
813 3135 922 3200 quidem
940 3137 975 3196 lli,
994 3138 1101 3188 correxi
1119 3135 1123 3202 Ι

156 3203 298 3252 turbarum
309 3203 371 3251 ΠΙ
387 3199 397 3267 ΙΙ
414 3205 446 3253 10
460 3203 591 3268 quaedam
600 3204 633 3253 W
642 3203 733 3256 Bert..·
749 3203 857 3268 quidem
869 3203 980 3254 ΑΒΝ
994 3201 999 3268 Ι
1014 3204 1126 3254 schema

156 3271 264 3350 scripsi:
284 3269 411 3334 quiddam
422 3270 497 3321 Bari.
517 3271 631 3336 quedam
643 3273 666 3319 Δ
684 3285 768 3320 scona
780 3284 813 3333 v,
832 3287 879 3322 cm.
892 3271 913 3320 B
926 3271 978 3319 GV
995 3269 1005 3336 ss
1023 3273 1054 3322 12
1070 3271 1124 3323 hec

157 3337 828 3469 11111,11111111111111111111
847 3334 1126 3458 lttttt‘z‘ltt·

158 3471 220 3535 ipsc
239 3473 297 3522 edd.
316 3469 326 3538 ΙΙ
347 3473 539 3523 1111111111
558 3489 605 3525 cm.
624 3471 698 3522 Bert.
718 3469 727 3538 ΙΙ
748 3474 781 3523 26
799 3471 907 3536 scolae;
925 3475 963 3524 ita
979 3490 1080 3540 semper
1096 3475 1125 3523 1
