2582 3992
424 202 585 254 ἰιιιιιιιο
606 205 639 254 u.
665 205 774 254 ‹rs-ro.
1041 204 1083 268 65

108 353 355 418 eandidatorum
377 353 423 415 ita
444 352 632 416 consuluisti
653 373 695 416 ne
716 352 812 416 ullius
828 353 981 438 gaudium
1004 354 1082 418 alte·

115 439 181 502 rius
202 436 334 501 tristitia
353 437 506 500 turbaret.
537 436 592 500 alii
615 457 687 500 eum
700 437 832 521 laetitia,
855 437 911 501 alii
935 460 1007 502 cum
1026 461 1082 522 spe

114 524 330 586 recesserunt:
357 520 467 584 multis
489 519 726 606 gratulandum,
750 542 845 585 nemo
868 523 1081 587 consolandus

115 607 186 670 fuit.
216 627 277 670 nee
297 605 369 669 ideo
392 606 522 689 segnius
544 605 675 669 iuuenes
692 608 818 670 nostros
841 605 1025 670 exhortatus
1048 629 1082 672 es

115 693 264 754 senatum
288 690 508 771 circumirent,
534 689 659 754 senatui
681 689 900 774 supplicarent
921 694 1015 774 atque
1037 691 1109 755 itas

114 797 134 839 a
154 775 302 858 principe
324 778 493 858 sperarent
512 775 665 857 honores,
687 773 714 838 si
737 796 757 838 a
779 777 892 838 senatu
913 775 1080 858 petissent.

115 881 177 943 quo
200 860 329 943 quidem
350 859 385 922 in
407 859 494 942 loeo,
520 859 548 923 si
570 859 685 943 quibus
707 880 785 942 opus
808 861 968 944 exemplo,
998 861 1082 924 adie-

115 944 188 1008 cisti
210 946 248 1008 ut
268 947 301 1007 te
322 943 534 1008 imitarentur.
579 943 727 1026 arduum,
752 943 878 1028 Caesar,
893 945 1081 1029 ‘exemplum

115 1031 148 1092 et
168 1027 253 1112 quod
275 1028 397 1092 imitari
422 1049 489 1094 nou
517 1028 620 1113 magis
643 1029 809 1112 quisquam
839 1029 1081 1094 candidatorum

115 1135 211 1196 quarn
232 1113 414 1196 principum
435 1112 547 1196 possit.
591 1115 662 1196 quis
682 1113 770 1177 enim
798 1112 850 1178 uel
872 1136 936 1177 uno
959 1114 1121 1179 diere-10

115 1197 278 1262 uerentior
313 1201 443 1261 senatus
480 1197 668 1262 candidatus
703 1219 797 1282 quam
824 1200 859 1262 tu
893 1220 964 1263 curn
994 1201 1081 1263 omni

115 1282 184 1345 uita
205 1285 276 1346 tum
298 1281 354 1345 illo
376 1281 446 1365 ipso
468 1284 611 1365 tempore
639 1303 702 1365 quo
724 1282 845 1346 iudicas
872 1282 910 1346 de
933 1283 1082 1347 eandida·

115 1365 180 1429 tis?
193 1407 196 1414 ·
209 1388 251 1429 an
273 1365 360 1430 aliud
382 1387 402 1429 a
423 1371 570 1450 tequam
593 1370 724 1431 senatus
746 1367 926 1431 reuerentia
940 1368 1082 1431 obtinuit

116 1457 151 1514 ut
178 1450 348 1514 iuuenibus
377 1450 553 1515 clarissime
580 1452 698 1536 genitis
725 1451 868 1516 debitum
918 1453 1005 1516 eneri
1027 1452 1081 1516 ho-

116 1556 242 1617 norem,
275 1539 308 1598 et
340 1538 512 1619 antequam
537 1537 720 1618 deberetur,
754 1473 917 1600 offerres?
951 1536 1080 1601 tandem
1096 1555 1120 1595 ιι

116 1641 192 1704 ergo
213 1619 366 1684 nobilitas
385 1641 452 1684 non
469 1620 668 1704 obscuratur,
690 1620 746 1684 sed
760 1621 942 1684 illustratur
963 1623 1082 1704 aprin-

111 1704 201 1787 oipe:
228 1705 359 1768 taudem
380 1705 452 1769 illos
474 1705 656 1790 ingentium
678 1704 819 1768 uirorum
841 1707 987 1788 nepotes,
1009 1706 1081 1768 illos

115 1791 259 1872 posteros
280 1787 440 1853 libertatis
462 1811 522 1853 neo
543 1792 644 1854 terret
659 1788 774 1855 Caesar
795 1810 855 1853 nee
869 1792 981 1873 pauet3
1004 1790 1082 1872 quin

116 1875 213 1936 immo
234 1873 398 1946 festinatis
420 1873 593 1939 honoribus
616 1873 791 1958 amplificat
812 1877 907 1957 atque
930 1880 1029 1958 auget
1050 1878 1083 1938 et

116 1957 287 2021 maioribus
315 1959 380 2024 suis
404 1958 520 2023 reddit.
565 1959 592 2024 si
614 1958 690 2056 quid
712 1979 846 2042 usquam
867 1957 978 2042 stirpis
1000 1959 1080 2022 anti·
1095 1981 1120 2019 ao

116 2040 360 2191 distertii
373 2043 533 2192 tillut
547 2042 1083 2212 tilii?diriditis?

117 2233 193 2275 nore
231 2210 398 2276 hominum
437 2215 470 2276 et
502 2212 536 2276 in
569 2234 624 2277 ore
657 2212 764 2276 famae
800 2234 918 2297 magna
950 2213 1083 2277 nomina

114 2317 155 2359 ex
182 2296 325 2361 tenebris
353 2296 523 2362 obliuiouis
550 2297 753 2382 indulgentia
776 2297 920 2362 Caesaris
950 2303 1079 2375 asserta,

114 2379 205 2444 euius
228 2379 308 2445 haee
329 2383 381 2446 ais
401 2385 438 2444 ut
458 2382 583 2447 nobiles
606 2385 640 2446 et
661 2384 829 2445 conseruet
850 2385 883 2444 et
904 2380 1032 2446 efficiat.
1096 2401 1121 2440 a

178 2463 280 2528 LXX.
329 2465 517 2530 praefuerat
543 2466 726 2550 prouinciae
755 2468 904 2549 quaestor
932 2487 1015 2529 unus
1045 2487 1083 2528 ex

117 2549 295 2614 candidatis
330 2551 428 2633 inque
460 2572 497 2614 ea
530 2551 671 2616 ciuitatis
708 2550 924 2634 amplissimae
961 2549 1082 2614 reditus

117 2634 849 2785 irretentibiliturturini&
882 2635 1083 2782 tritt

115 2739 169 2866 tui
187 2742 365 2869 clarissim
393 2767 511 2869 uirtute
539 2743 725 2888 superasti,p
741 2741 988 2868 deteiitrqessit
1009 2823 1081 2866 eon·
1095 2823 1121 2861 so

118 2959 321 2968 Ἤ...-

184 3063 200 3109 3
218 3059 402 3111 consolandus
419 3075 450 3127 ςι
475 3059 655 3111 consulendus
672 3060 699 3109 u
720 3057 730 3124 l
750 3060 766 3109 5
784 3059 918 3109 senatud
940 3057 945 3117 Ι
970 3058 1081 3108 circum-

117 3125 168 3176 iret
185 3129 222 3190 11,
241 3144 310 3180 corr.
329 3143 346 3194 ς
362 3127 372 3193 ΙΙ
390 3131 405 3179 9
422 3129 511 3192 magis
528 3143 584 3179 non
602 3128 715 3194 quisque
733 3125 811 3180 caud.
830 3123 870 3192 0ss
883 3128 913 3175 11
932 3126 1041 3176 senatui
1058 3139 1083 3174 w

120 3189 133 3256 Η
153 3197 185 3244 13
202 3210 238 3244 an
256 3194 331 3246 aliud
350 3213 367 3246 a
386 3201 413 3246 ta
430 3211 489 3248 seu.
507 3211 563 3246 reu.
583 3197 641 3246 obt.
660 3210 742 3259 quam
760 3200 792 3244 ut
808 3208 833 3244 w
850 3191 861 3259 ΙΙ
884 3195 915 3242 14
932 3192 1082 3244 clarissime

119 3262 220 3324 genitis
239 3263 384 3314 Liuineius:
403 3262 573 3315 clarissimae
590 3265 682 3327 gentis
700 3265 728 3311 1
748 3259 758 3327 ss
781 3263 812 3312 15
830 3265 857 3311 et
874 3276 934 3326 epo:
952 3261 1001 3312 sed
1017 3262 1045 3308 Η
1068 3261 1079 3326 ll

119 3329 150 3378 23
168 3344 214 3380 ore
233 3328 336 3395 Liuia:
355 3331 456 3382 honore
472 3334 500 3380 Ι
515 3329 519 3396 Ι
534 3327 647 3397 magna]
667 3330 754 3394 magis
772 3328 848 3395 livss
861 3331 895 3379 24
911 3333 1017 3379 asserta
1035 3331 1081 3379 ad-

118 3397 186 3446 didi:
204 3413 252 3448 om.
270 3400 298 3446 Η
314 3404 437 3449 extracta
453 3400 557 3464 Lipsius
574 3400 696 3450 excitata
713 3413 746 3448 ex
764 3397 887 3448 tenebris
904 3397 1005 3447 Keilius
1021 3393 1031 3458 l
1049 3399 1082 3446 25

120 3463 161 3513 uis
178 3467 241 3514 add.
261 3466 375 3517 dellius:
398 3484 445 3519 υιιι.
463 3467 491 3516 1
514 3463 524 3531 l
547 3469 580 3518 27
602 3467 685 3532 inque
702 3477 733 3516 aa
752 3465 877 3516 ciuitatis
900 3464 1083 3530 amplissimae

120 3531 236 3595 Lipsius:
254 3535 285 3584 in
303 3549 381 3599 quem
398 3549 431 3585 ea
450 3535 549 3585 ciuitas
567 3533 735 3599 amplissima
753 3536 780 3582 Μ
799 3534 804 3599 Ι
823 3531 947 3584 redditus
964 3532 992 3578 Π

164 3624 251 3666 Pano.
266 3635 320 3664 aar.
862 3617 878 3666 ὃ
