2578 4000
268 220 522 276 cousrsumno
542 221 712 275 rreusro
731 225 764 275 a.
784 224 860 274 e-s.
987 221 1048 286 163

87 373 235 456 impressa
261 371 415 436 uideatur.
460 371 545 436 idem
573 372 659 436 enim
686 375 735 436 est
762 393 855 456 quem
881 392 990 437 rursus
1012 374 1048 437 in

87 461 117 520 te
137 456 269 522 colimus
289 459 451 540 aspectae,
481 456 591 521 eadem
618 457 654 521 in
675 456 784 522 fronte
806 457 968 541 grauitas,
997 479 1047 522 ea—

87 541 154 606 dem
174 541 209 605 in
233 541 333 606 oculis
355 544 388 606 et
408 541 444 606 in
466 563 520 606 ore
541 540 770 626 tranquillitas.
812 541 858 607 sic
880 545 929 606 est
949 541 1047 608 index

86 625 253 690 modestiae
275 625 387 705 rubor,
416 625 462 690 sie
484 627 575 690 testis
597 626 738 691 iustitiae
766 647 879 691 sermo.
925 627 1045 711 accipe,

86 711 262 794 imperator,
292 731 356 776 aare
378 711 553 794 ancipitem
581 715 765 776 nostrorum
791 732 943 776 sensuum
973 731 1072 776 eon-s

87 794 269 860 sessionem:
297 794 384 859 dolet
405 795 489 879 quod
512 794 720 860 Constantius
743 795 879 860 excessit
901 817 920 858 a
940 795 1046 880 nobis,

87 879 146 963 sed,
168 879 244 944 dum
258 882 291 944 te
307 878 477 963 cernimus,
499 879 592 946 illum
606 880 778 946 excessisse
792 901 860 945 non
877 880 1045 946 credimus.

87 985 269 1048 quamquam
291 964 368 1048 quid
389 983 448 1050 ego
469 965 562 1030 illum
584 966 759 1040 excessisse
778 965 863 1050 dico,
887 965 976 1030 euius
998 966 1046 1029 in-

86 1049 225 1114 mortalia
252 1049 341 1114 facta
368 1049 483 1114 uiuunt
509 1052 542 1114 et
570 1049 604 1115 in
631 1071 685 1116 ore
713 1046 1046 1115 omnium-hominum

87 1134 239 1220 oculisque
261 1134 459 1199 uersentur?
1058 1153 1084 1193 10

142 1217 180 1283 V.
225 1218 304 1294 Quis
330 1219 416 1283 enim
443 1239 511 1283 non
533 1218 604 1283 dico
633 1219 867 1302 reminiscitur,
898 1219 954 1283 sed
975 1219 1046 1303 quis

87 1323 145 1367 non
171 1303 276 1368 adhuc
304 1303 441 1387 quodam
468 1303 563 1368 modo
596 1303 684 1367 uidet
712 1304 841 1387 quantis
868 1303 923 1368 ille
951 1304 1046 1368 rebus

87 1389 202 1452 auxerit
222 1387 408 1473 ornaritque
430 1408 498 1452 rem
520 1387 705 1473 publicam?
749 1388 804 1472 qui
826 1386 966 1454 adscitus
988 1389 1047 1452 im-

85 1472 166 1618 perio
180 1473 286 1558 primo
308 1473 450 1538 aduentu
467 1494 524 1536 suo
544 1471 771 1536 innumerabili
786 1472 927 1537 hostium
945 1472 1046 1538 classe

98 1561 258 1623 ementem
285 1558 420 1622 exclusit
446 1578 600 1624 oceanum
627 1563 657 1622 et
678 1557 851 1622 exereitum
873 1557 964 1622 illum
990 1558 1045 1643 qui
1058 1577 1084 1617 ω

85 1637 293 1709 Bononiensis
321 1642 430 1727 oppidi
456 1641 534 1708 titus
560 1642 721 1706 insederat
748 1645 834 1708 terra
859 1641 981 1725 pariter
1008 1663 1045 1707 ac

85 1728 159 1790 meri
180 1728 315 1812 saepsit,
350 1749 421 1792 cum
448 1727 628 1811 reciprocos
658 1729 764 1792 aestus
785 1726 872 1791 illius
895 1725 1046 1791 elementi

85 1809 169 1878 iactis
189 1813 277 1877 inter
298 1811 400 1876 undas
422 1812 517 1876 uallis
538 1811 730 1895 diremisset,
753 1813 798 1894 ut,
821 1831 957 1894 quorum
974 1832 1045 1895 por-

84 1897 128 1959 tas
152 1895 269 1964 fluetus
297 1896 447 1980 allueret,
482 1897 512 1962 ei
540 1917 601 1980 quo
629 1918 716 1960 mare
742 1897 915 1980 tangerent
942 1895 1045 1978 perdi-

86 1978 208 2047 dissent.
239 1982 297 2066 qui
320 1980 430 2046 eodem
445 1982 587 2046 exercitu
608 1982 726 2045 uirtute
744 1983 850 2065 capto,
875 1979 1045 2045 clementia
1057 1999 1083 2038 20

85 2073 282 2150 conseruato,
319 2067 394 2131 dum
427 2066 632 2131 aedificandis
667 2066 821 2131 elassibus
854 2065 1044 2130 Britanniae

84 2149 266 2235 reciperatio
293 2154 510 2235 comparatur,
544 2154 664 2216 terram
689 2151 859 2216 Batauiam
885 2149 944 2215 sub
974 2150 1045 2299 ipso

85 2237 237 2316 quondam
262 2236 390 2302 alumno
412 2257 470 2301 suo
492 2258 512 2300 a
533 2236 668 2301 diuersis
684 2235 879 2300 Francorum
894 2236 985 2320 genti
1007 2257 1044 2299 us

85 2324 267 2405 occupatam
294 2322 383 2386 omni
409 2320 504 2387 hoste
531 2321 684 2405 purgauit
712 2341 773 2384 nec
800 2321 970 2385 contentus
998 2320 1045 2384 ui·

85 2402 158 2469 aisse
184 2407 272 2491 ipsas
299 2406 335 2469 in
356 2405 521 2470 Romanas
547 2404 713 2469 transtulit
740 2404 888 2469 nationes
920 2407 957 2468 ut
978 2419 1083 2470 nona

84 2487 178 2554 solum
200 2512 300 2573 anna,
324 2490 380 2554 sed
402 2491 498 2554 etiam
517 2489 680 2554 feritatem
702 2510 820 2573 ponere
844 2492 1044 2574 cogerentur.

84 2592 152 2637 uam
172 2576 249 2659 quid
273 2595 332 2660 ego
354 2574 393 2639 de
415 2575 599 2658 receptione
620 2573 810 2639 Britanniae
831 2573 968 2659 loquar?
1003 2573 1053 2652 ad,

84 2677 170 2739 quam
191 2661 240 2725 ita
262 2660 370 2743 quieto
391 2660 472 2724 mari
487 2659 654 2745 nauigauit
675 2661 712 2723 ut
726 2680 864 2724 oceanus
886 2658 940 2722 ille
954 2661 1045 2722 tanto

84 2746 204 2810 uectore
227 2744 427 2828 stupefactus
456 2745 596 2810 caruisse
618 2745 683 2808 suis
708 2743 847 2809 motibus
870 2742 1043 2823 uideretur,

83 2824 125 2889 ita
144 2832 313 2911 peruectus
341 2832 377 2894 ut
404 2849 470 2893 non
497 2828 648 2892 comitata
673 2828 765 2892 illum
787 2829 846 2910 sit,
876 2827 928 2891 sed
953 2848 1041 2910 prae·
1056 2840 1082 2882 ³0

84 2910 192 2977 stolata
214 2913 356 2978 uictoria.

144 3087 257 3135 4sermo
270 3085 393 3136 iustitiae
402 3087 511 3135 ΜΠ
524 3083 527 3149 Ι
541 3084 687 3148 accipitet
700 3081 709 3148 ΙΙ
722 3085 737 3134 5
749 3084 926 3149 fianeipitem
935 3085 1044 3148 scripsi:

84 3151 226 3216 ancipitem
236 3154 270 3201 W
283 3154 429 3218 aecipitem
440 3154 463 3202 A
476 3152 535 3203 acci
556 3152 659 3203 ientem
669 3151 743 3202 Bert.
757 3153 852 3216 accipe
864 3152 885 3199 B
896 3152 912 3199 0
922 3152 945 3199 V
961 3149 966 3214 Ι
981 3167 1042 3200 sen-

84 3230 156 3268 suum
173 3236 220 3270 om.
239 3221 262 3271 Δ
282 3218 292 3286 ΙΙ
314 3222 330 3270 6
349 3221 472 3271 dolemus
490 3234 515 3270 w
536 3167 554 3284 i]
571 3222 603 3271 13
621 3219 816 3284 ornaueritque
837 3219 909 3268 Bert.
933 3216 943 3282 ΙΙ
965 3221 998 3269 15
1016 3224 1044 3268 et

83 3286 180 3337 addidi:
198 3303 247 3340 om.
261 3291 289 3338 ΙΙ
307 3289 587 3352 exercitumque-edd.
599 3284 609 3352 ΙΙ
623 3289 654 3338 17
673 3290 765 3338 aestus
780 3287 926 3336 Liuineius:
945 3299 1043 3336 sensus

82 3350 107 3397 Ι
122 3367 216 3405 cursus
234 3369 259 3403 rr
275 3353 285 3420 fl
305 3358 336 3406 18
355 3357 444 3406 iaetus
462 3357 498 3415 Η,
515 3371 583 3407 corr.
600 3369 626 3403 w
641 3351 652 3420 ΙΙ
671 3357 702 3406 19
720 3353 840 3404 allueret
857 3354 985 3418 Lanpr'ua:
1005 3353 1044 3402 al-

81 3414 167 3472 lueret
178 3425 206 3472 1
219 3421 225 3486 i
240 3425 265 3474 ei
284 3439 337 3489 quo
354 3439 428 3475 mare
446 3427 555 3488 scripsi:
573 3438 653 3487 mare
665 3430 694 3474 et
713 3423 784 3488 quod
795 3423 823 3470 n
841 3435 914 3471 mare
932 3421 1003 3485 quod
1019 3434 1043 3468 w

82 3489 106 3534 et
122 3502 193 3540 mare
211 3505 266 3554 quo
284 3493 430 3552 Acidaliae,
452 3492 498 3542 olii
514 3493 565 3542 ntia
591 3489 601 3557 ΙΙ
624 3493 657 3541 22
675 3492 760 3556 recip.
779 3495 813 3541 A:
837 3503 929 3553 reeup.
950 3495 1008 3538 cett.
1038 3487 1040 3550 Ι

82 3558 218 3608 ostasium
236 3561 263 3608 lt
275 3557 285 3625 ΙΙ
298 3562 331 3612 26
351 3561 432 3611 malim
450 3559 477 3607 iu
496 3558 616 3610 Romana
628 3556 639 3624 i
651 3561 684 3610 30
702 3575 735 3609 un
754 3560 794 3610 ita
813 3562 856 3610 est
873 3558 928 3606 cito
947 3557 1042 3620 paru?

839 3638 889 3692 11*
