2586 3996
282 246 498 299 GRATIARUM
516 245 627 298 ACTIO
646 245 810 298 IULIANO.
835 248 942 297 17-19.
1034 241 1097 308 259

127 418 189 481 que
216 417 328 461 omnes
359 396 395 460 in
423 397 557 461 emendo
587 395 731 460 uidemus
758 394 952 480 repensandi
978 394 1097 460 fiducia

128 503 246 566 magno
268 485 436 565 erectoque
464 482 571 545 animo
593 502 704 546 aurum
732 483 964 566 argentumque
987 480 1097 564 depro-

127 587 229 649 mere,
263 587 318 630 eos
346 587 423 629 uero
451 566 506 649 qui
534 587 643 650 preces
671 566 809 652 alligant
837 565 973 630 humiles
1001 569 1097 649 atque

127 650 281 715 demissos
317 650 373 715 uix
406 650 629 715 cunctabunda
664 653 758 736 atque
788 650 965 714 titubantia
998 651 1097 714 uerba

128 736 271 819 proferre
292 757 396 820 neque
418 736 522 800 solum
544 737 720 801 orationem
742 735 914 817 inclinare,
943 736 999 799 sed
1020 735 1123 799 toties

129 820 312 905 corporibus
335 821 370 884 in
415 842 497 884 enua
518 821 687 885 summitti.
716 841 856 905 prorsus,
880 824 916 884 ut
938 841 977 884 ex
999 819 1098 891 animi

127 905 190 969 mei
212 905 373 970 sententia
391 841 515 990 loquar,
538 906 677 970 maximo
700 904 811 970 uendit
830 905 1021 969 beneficium
1044 905 1097 989 qui

127 1011 238 1074 preces
260 990 387 1074 accipit.

197 1073 284 1139 XIX.
335 1075 388 1140 Au
417 1095 509 1158 uero,
543 1075 570 1138 si
598 1075 786 1139 centuriatis
819 1074 956 1140 comitiis
985 1074 1097 1139 consul

129 1163 252 1225 creatus
274 1181 390 1239 essem,
422 1159 593 1245 gloriosius
621 1159 701 1224 mihi
728 1159 872 1224 uniuersi
893 1159 1004 1256 populi
1032 1159 1096 1224 suf·
1111 1183 1136 1222 ro

127 1243 240 1330 fragiis
262 1244 441 1310 declaratus
463 1244 612 1309 uiderer?
650 1244 797 1328 minime,
821 1244 978 1328 siqmdem
1000 1245 1098 1308 etiam

127 1328 192 1392 illis
206 1329 321 1413 priscis
336 1329 533 1412 temporibus
553 1328 728 1393 multorum
745 1327 869 1392 ambitu
884 1327 948 1392 fuit
967 1348 1098 1411 campus

128 1412 268 1477 infamis.
313 1415 392 1478 nota
419 1413 595 1477 diuisorum
623 1412 763 1497 flagitia,
797 1414 895 1477 notae
922 1412 1099 1476 loculorum

128 1497 337 1582 praestigiae,
375 1500 445 1562 tum
477 1519 646 1582 operarum
680 1497 720 1561 ad
747 1497 813 1561 uim
848 1500 881 1562 et
909 1497 1098 1562 seditionem

128 1603 242 1647 manus
265 1584 402 1665 emptae.
446 1603 507 1646 nec
529 1603 607 1646 sane
629 1585 737 1666 potest
759 1583 793 1646 in
817 1582 950 1646 confusa
972 1581 1097 1667 imperi·
1112 1605 1137 1646 ιε,

127 1671 235 1732 torum
259 1666 463 1731 multitudine
485 1667 653 1752 quicquam
683 1689 752 1732 esse
773 1688 978 1750 perpensum.
1022 1690 1099 1732 nam

130 1774 202 1816 cum
224 1753 301 1816 boni
322 1753 387 1815 rari
410 1751 491 1835 sint,
517 1751 734 1836 improborum
756 1751 874 1836 uulgus
896 1752 1098 1837 immensum,

128 1837 164 1901 in
186 1858 300 1920 campo
323 1841 431 1901 autem
452 1858 604 1901 numerus
628 1840 661 1901 et
682 1837 777 1901 turba
795 1836 1006 1921 praepolleat:
1030 1837 1099 1902 sine

129 1921 226 1986 dubio
246 1921 446 2007 intellegitur
469 1943 541 1986 eum
563 1922 724 2008 suffragiis
739 1921 852 2008 populi
873 1921 1099 2008 magistratum

129 2027 242 2090 capere
264 2007 491 2091 quamplures,
515 2005 548 2070 id
570 2010 629 2091 est,
652 2029 746 2092 quern
766 2007 891 2091 peiores
910 2008 1097 2090 probarunt.
1112 2031 1137 2070 ao

129 2091 213 2156 unde
227 2091 348 2156 factum
371 2095 420 2156 est
441 2097 478 2156 ut
498 2092 634 2156 maiores
655 2093 759 2157 nostri
781 2091 929 2157 uiderent
944 2090 1099 2157 Gabinius

129 2175 314 2261 designatos
342 2180 374 2242 ct
400 2177 544 2260 repulsos
571 2176 720 2243 Catones.
766 2178 822 2242 scd
850 2175 929 2242 haec
957 2179 1097 2262 uetusta3

128 2260 236 2324 taedet
268 2263 427 2325 recordari
460 2262 725 2345 quemadmodum
759 2261 855 2347 paulo
889 2263 964 2326 ante
995 2261 1100 2328 honor

128 2344 249 2428 petitus
275 2345 328 2408 sit.
373 2345 428 2408 uix
449 2347 545 2428 pauci
572 2347 747 2410 extiterunt
768 2367 905 2431 quorum
926 2347 1099 2411 uirtutibus

130 2427 323 2511 deferretur,
353 2450 425 2494 cum
452 2429 581 2514 quidem
610 2430 688 2514 ipsis
716 2425 781 2495 illis
803 2429 897 2495 tarda
923 2430 1100 2496 industriae
1113 2451 1138 2492 aa

129 2535 167 2577 ao
188 2513 361 2598 probitatis
385 2535 507 2581 merces
529 2516 661 2580 ueniret.
707 2515 803 2580 ceteri
826 2537 903 2580 uero
925 2515 1099 2600 perditissi-

129 2620 217 2664 mum
231 2621 387 2684 quemque
409 2622 448 2665 ex
463 2600 575 2665 aulicis
594 2601 853 2685 frequentabant.
876 2600 924 2665 uti
939 2601 1099 2686 quispiam
1125 2681 1129 2688 Ι

152 2705 187 2748 cr
208 2687 294 2750 artes
316 2685 518 2769 turpissimas
544 2686 728 2768 imperatori
751 2685 990 2769 acceptissimus
1012 2686 1099 2750 uide·

128 2707 240 2851 batur,
266 2791 338 2834 eum
360 2769 496 2834 assiduis
518 2769 678 2851 obsequiis
701 2771 924 2834 emerebantur
946 2769 1099 2854 donisque

130 2853 313 2935 captabant.
357 2875 417 2917 nec
444 2854 531 2918 uiros
559 2852 703 2937 quidam,
734 2854 789 2918 scd
818 2853 1021 2918 mulierculas
1049 2865 1099 2918 er'r-
1112 2875 1138 2916 ao

130 2936 313 3019 ambibant3
347 2959 407 3002 neo
428 2937 566 3002 feminas
588 2939 729 3019 tantum,
758 2939 813 3002 sed
841 2938 996 3022 spadones
1024 2961 1098 3022 quo-

129 3095 333 3102 ——-.-.—..-..

198 3181 213 3227 2
232 3181 374 3244 erectoque
392 3179 413 3228 B
430 3180 454 3227 V
469 3179 558 3229 Bere:
586 3183 678 3230 erecto
696 3181 718 3228 A
736 3183 768 3229 W
793 3183 899 3230 certato
918 3181 947 3228 0¹
968 3177 978 3245 11
1005 3175 1028 3241 17
1046 3181 1101 3232 mci

127 3247 151 3295 A
169 3243 259 3301 Bert..·
277 3262 324 3298 om.
342 3247 363 3296 B
381 3247 398 3296 0
416 3247 439 3295 V
454 3249 489 3295 W
507 3246 512 3311 Ι
531 3245 637 3312 uendit]
657 3248 705 3297 dat
722 3261 747 3297 w
771 3245 781 3313 ΙΙ
806 3250 838 3299 13
858 3247 1027 3298 diuersorum
1046 3250 1074 3296 A!
1093 3247 1096 3311 l

19 3361 20 3366 ,
128 3312 281 3366 loculorum
298 3313 444 3365 Liuianus:
465 3314 616 3366 luculorum
633 3318 661 3364 1
689 3313 700 3382 ΙΙ
730 3318 761 3366 14
780 3315 912 3382 prestigio
930 3317 950 3365 B
968 3333 998 3367 m.
1016 3319 1033 3366 2
1052 3319 1098 3367 W:

128 3381 268 3448 prestagie
284 3382 308 3430 A
325 3383 345 3431 B
363 3399 394 3433 m.
413 3385 428 3432 1
447 3384 464 3432 0
483 3383 505 3431 V
525 3381 535 3450 ΙΙ
557 3387 589 3435 15
606 3385 805 3450 imperatorum
821 3385 845 3433 A
866 3381 876 3449 ΙΙ
898 3385 929 3433 21
950 3381 1097 3452 Gabinios]

20 3469 21 3513 q
127 3450 257 3502 Uatinios
275 3451 408 3502 Liuineius
425 3449 436 3516 ll
457 3454 490 3502 23
508 3451 605 3503 taedet
623 3450 675 3517 (uel
692 3451 786 3517 pudet)
804 3453 912 3516 scripsi:
931 3451 975 3502 det
993 3454 1015 3501 A
1033 3452 1100 3502 dent
1151 3493 1152 3498 ,

128 3521 214 3569 MV
226 3531 251 3567 w
265 3517 270 3584 Ι
285 3521 367 3570 malta
385 3525 451 3570 ante
471 3523 497 3570 to
519 3516 529 3584 ll
550 3521 583 3571 25
602 3517 722 3586 quidem]
743 3519 809 3586 quid
826 3521 848 3568 A
865 3518 875 3586 Ν
896 3522 929 3570 a?
948 3519 1063 3586 quisquo
1082 3522 1100 3568 c

128 3585 136 3641 'l
158 3589 191 3638 29
210 3587 422 3640 demorabantur
439 3588 622 3639 Hittersdurr'us
645 3587 655 3653 ΙΙ
680 3591 712 3640 30
731 3589 836 3655 quidem
855 3590 891 3654 A,
910 3591 1017 3639 correct

895 3671 946 3724 Π*
