2582 3992
160 240 201 304 70
482 242 503 294 1.
541 239 571 291 C.
589 241 705 292 PLINII
722 241 802 291 PAN.

157 391 313 456 felicitate
347 390 480 474 dignum
512 389 623 454 uideri.
674 389 728 454 sed
759 411 830 454 cum
858 391 958 454 multa
990 391 1047 454 illo
1076 391 1128 456 die

159 476 342 539 dictasunt
364 476 525 559 sapienter
548 478 581 539 et
602 475 762 559 grauiter,
791 478 860 538 tum
883 475 935 538 uel
957 476 992 539 in
1012 477 1127 559 primis

159 559 264 624 ‘crede
285 559 390 642 nobis,
415 560 507 624 crede
529 559 612 623 tibi'.
647 580 767 643 magna
789 558 852 624 hoc
873 559 991 624 fiducia
1012 562 1126 643 nostri,

159 645 278 708 maiore
292 647 401 708 tamen
415 644 464 707 tui
479 644 626 708 diximus,
656 643 737 706 alius
760 643 846 707 enim
859 643 998 708 fortasse
1019 645 1127 729 alium,

133 729 263 812 sipsum
286 751 319 792 se
341 749 435 792 nemo
459 727 629 812 deceperit.
674 729 879 812 introspiciat
906 729 1000 794 modo
1026 730 1127 794 uitam

158 835 255 896 seque
277 813 353 896 quid
375 815 534 878 mereatur
555 813 745 896 interroget.
789 812 923 896 proinde
950 813 1049 877 dabat
1070 836 1125 878 uo·

159 898 247 970 cibus
274 897 393 962 nostris
418 898 514 966 fidem
541 898 625 980 apud
654 898 810 983 optimum
836 897 1014 981 principem
1042 899 1127 982 quod

158 981 240 1066 apud
274 983 375 1047 malos
409 981 604 1046 detrahebat.
651 981 796 1066 quamuis
831 983 916 1046 enim
948 982 1126 1047 faceremus

158 1087 237 1149 quae
260 1069 403 1132 amantes
426 1067 544 1145 solent,
580 1066 628 1130 illi
649 1070 760 1130 tamen
786 1087 852 1130 non
875 1067 976 1131 amari
1004 1089 1038 1131 se
1062 1089 1126 1132 cre·

120 1173 145 1210 ιο
160 1151 279 1215 debant
311 1152 382 1216 sibi.
433 1161 529 1236 super
556 1151 634 1216 haee
666 1151 789 1234 precati
815 1173 924 1216 sumus
957 1155 993 1215 ut
1021 1151 1066 1216 sic
1095 1156 1127 1216 te

158 1238 306 1300 amarent
333 1237 365 1300 di
401 1235 667 1321 quemadmodum
695 1240 731 1300 tu
745 1235 747 1242 '
763 1257 833 1300 nos.
883 1235 954 1319 quis
983 1236 1044 1300 hoc
1072 1241 1128 1300 aut

158 1319 197 1384 de
219 1343 252 1384 se
275 1324 331 1384 aut
353 1321 492 1405 principi
515 1321 635 1386 diceret
657 1320 858 1384 mediocriter
880 1321 1025 1384 amanti?
1068 1344 1126 1405 pro

157 1405 250 1468 nobis
287 1406 366 1488 ipsis
394 1405 521 1490 quidem
554 1405 634 1470 haec
660 1405 722 1468 fuit
754 1426 877 1468 summa
911 1408 1059 1469 uotorum
1092 1409 1128 1469 ut

157 1510 216 1553 nos
239 1490 285 1554 sic
308 1494 453 1554 amarent
475 1490 508 1553 di
530 1512 592 1574 quo
614 1489 707 1554 modo
723 1492 769 1553 tu.
798 1492 887 1553 estne
910 1511 1022 1554 uerum
1042 1490 1127 1574 quod

120 1593 144 1633 15
159 1575 243 1638 inter
270 1574 332 1638 ista
361 1575 569 1646 clamauimus
598 1582 629 1642 ‘o
657 1595 717 1638 nos
744 1573 892 1638 felices'?
937 1575 1013 1657 quid
1041 1575 1126 1638 enim

157 1658 283 1723 felicius
310 1660 418 1739 nobis,
449 1659 563 1744 quibus
592 1680 660 1723 non
681 1659 752 1722 'iam
774 1659 853 1722 illud
881 1658 1056 1741 optandum
1078 1663 1128 1723 est

157 1748 194 1807 ut
219 1765 277 1808 nos
310 1743 425 1842 diligat
451 1744 618 1828 princeps,
657 1744 712 1808 sed
739 1747 775 1807 at
800 1743 832 1806 di
859 1743 1127 1827 quemadmodum

156 1828 329 1912 princeps?
354 1829 467 1894 ciuitas
487 1828 697 1914 religionibus
719 1827 826 1892 dedita
843 1849 1031 1911 semperque
1054 1828 1127 1892 deo-

157 1933 229 1976 rum
250 1913 486 1998 indulgentiam
508 1915 627 1997 pietate
649 1912 763 1976 merita
784 1911 866 1976 nihil
880 1911 1029 1976 felicitati
1052 1933 1126 1982 suae

118 2017 145 2059 eo
158 1999 251 2080 putat
272 1997 372 2061 astrui
392 2019 488 2080 posse
510 1998 574 2060 nisi
595 2000 631 2060 ut
653 1997 685 2060 di
706 1995 874 2062 Caesarem
895 1997 1071 2060 imitentur.

221 2079 351 2148 LXXV.
402 2079 464 2146 Sed
487 2081 562 2164 quid
586 2081 714 2164 singula
738 2084 903 2145 consector
925 2085 959 2145 et
980 2079 1124 2164 colligo?

159 2165 249 2248 quasi
270 2185 346 2228 uero
370 2169 425 2228 aut
444 2165 589 2229 oratione
613 2164 781 2248 complecti
803 2168 859 2230 aut
875 2165 1029 2229 memoria
1052 2187 1126 2229 eon·

158 2249 248 2332 sequi
275 2249 396 2332 possim
423 2270 503 2332 quae
530 2271 602 2333 uos,
637 2254 745 2333 patres
775 2249 962 2332 conscripti,
994 2271 1036 2313 ne
1064 2271 1127 2333 qua

158 2332 365 2417 interciperet
386 2333 523 2418 obliuio,
554 2334 641 2399 etin
664 2333 792 2418 publica
818 2337 890 2398 acta
911 2333 1068 2398 mittenda
1095 2338 1127 2397 et

120 2437 145 2476 aa
159 2417 330 2482 incidenda
351 2420 386 2482 in
409 2440 481 2482 aere
504 2419 683 2484 censuistis.
729 2422 805 2483 ante
827 2419 987 2482 orationes
1009 2418 1126 2502 princi-

158 2524 235 2585 pum
257 2504 384 2568 tantum
407 2503 473 2567 eius
496 2504 582 2567 modi
597 2525 715 2588 genere
736 2505 1018 2567 monumentorum
1037 2524 1126 2566 man-

159 2586 227 2650 dari
249 2587 433 2651 aeternitati
456 2587 616 2652 solebant:
650 2587 898 2652 acclamationes
919 2586 1049 2670 quidem
1070 2608 1126 2650 no·

159 2673 243 2736 strae
275 2672 467 2756 parietibus.
485 2673 591 2737 curiae
625 2672 864 2738 claudebantur.
914 2673 1008 2734 erant
1040 2671 1127 2735 enim

159 2756 273 2839 quibus
302 2779 362 2822 nec
391 2759 519 2821 senatus
547 2757 679 2842 gloriari
706 2777 766 2821 nec
793 2755 954 2840 principes
983 2759 1126 2838 possent.

120 2857 146 2896 ³0
160 2841 218 2904 has
244 2863 321 2906 uero
351 2842 442 2906 etin
463 2842 579 2926 uulgus
607 2843 693 2906 exire
721 2844 753 2905 et
774 2841 909 2925 posteris
937 2839 1031 2924 prodi
1054 2861 1127 2904 eum

160 2947 199 2988 ex
220 2925 360 2991 utilitate
382 2931 452 2992 tum
480 2948 518 2991 ex
541 2927 700 3010 dignitate
721 2925 851 3010 publica
872 2924 952 2988 fuit:
987 2925 1127 3007 primum

158 3013 195 3073 ut
217 3009 302 3074 orbis
324 3013 481 3075 terrarum
503 3011 634 3095 pietatis
656 3014 784 3076 nostrae
807 3009 1012 3074 adhiberetur
1033 3009 1126 3072 testis

160 3096 192 3157 et
210 3095 373 3177 conscius3
402 3095 517 3159 deinde
538 3099 575 3159 ut
594 3095 800 3159 manifestum
822 3098 906 3158 esset
929 3094 1045 3158 audere
1067 3115 1127 3157 nos

229 3295 340 3364 liquid]
364 3301 471 3364 quode
494 3298 504 3366 ΙΙ
529 3303 561 3352 10
579 3296 632 3364 sic]
653 3300 713 3350 sic
737 3297 747 3365 ΙΙ
772 3302 802 3349 11
822 3300 882 3366 quis
900 3313 929 3366 ςτ
950 3300 997 3366 qui
1014 3301 1041 3347 Μ
1062 3297 1072 3364 ΙΙ
1096 3302 1127 3351 13

158 3365 283 3430 ipsiusB
304 3368 326 3415 V
346 3364 356 3432 ΙΙ
380 3371 410 3419 17
429 3373 461 3418 ut
477 3371 540 3419 add.
557 3368 672 3418 Keilins:
690 3383 737 3418 om.
755 3369 782 3418 li
799 3365 809 3433 ΙΙ
828 3370 858 3418 19
876 3367 1050 3431 indulgentia
1067 3367 1088 3415 B
1106 3367 1128 3414 V

161 3430 165 3499 Ι
191 3434 297 3498 pietate
314 3436 435 3500 Lipsius:
479 3438 504 3486 ie
522 3439 550 3484 Μ
575 3435 580 3498 Ι
606 3433 735 3485 felicitati
752 3437 798 3484 W:
823 3435 970 3485 felicitatis
988 3436 1008 3483 B
1027 3435 1084 3482 GV
1113 3431 1125 3499 ΙΙ

158 3501 192 3550 25
211 3507 276 3550 ante
295 3507 322 3550 te
340 3503 441 3552 Keilius
453 3452 508 3566 ll2⁷
530 3501 640 3565 quidem
658 3517 704 3552 cm.
717 3505 751 3550 W
763 3500 772 3567 ΙΙ
790 3506 823 3553 29
841 3503 980 3568 principes
999 3515 1036 3550 w:
1054 3503 1127 3568 prin·

158 3583 224 3634 ceps
241 3568 295 3634 11!
313 3564 476 3633 30'uulgns]
497 3569 614 3632 singulis
632 3570 650 3616 0
667 3567 677 3634 l
694 3573 727 3620 33
747 3569 841 3620 audire
859 3570 892 3616 W
