2578 4000
306 201 563 254 CONSTANTINO
582 200 761 254 AUGUSTO.
781 203 889 252 12-14.
1023 199 1082 264 191

110 351 265 449 perfecta,
290 350 482 415 celebranda
504 353 588 413 sunt.
612 350 669 414 illa
691 351 777 414 enim
801 353 912 434 quinto
928 371 1014 417 ooao
1036 352 1084 416 in·
1154 347 1174 376 ⁸

111 437 253 533 crpiente
282 438 431 532 suscepta
458 435 606 500 omnibus
635 435 764 519 populis
792 437 860 499 iure
887 437 1081 520 communia,

110 519 453 617 nobrs·haecpropr1a
475 540 556 617 quate
571 519 668 616 plena
679 523 774 617 ,sunt
801 520 966 604 praeclara
980 522 1084 585 fertur

112 604 247 672 Catoms
270 609 372 668 oratio
395 603 433 668 de
449 604 543 668 lustri
566 626 616 668 sur
630 604 794 669 felicitate.
820 606 884 669 iam
898 608 977 669 tunc
998 606 1084 670 enim

110 691 146 754 in
174 689 231 753 ills
256 693 363 753 uetere
390 689 577 772 republica
606 689 646 752 ad
668 709 837 754 censorum
859 690 986 754 laudem
1013 712 1083 774 per·
1096 709 1112 750 a

110 774 249 856 timebat,
265 774 290 837 ai
307 774 444 837 lustrum
458 773 537 837 felix
554 773 783 858 condidissent,
799 776 827 838 si
842 777 956 839 horrea
971 775 1083 839 messis

110 859 290 943 implesset,
313 859 340 922 si
363 858 525 922 uindemia
546 859 770 942 redundasset,
794 860 821 923 si
843 860 970 924 oliuitas
992 860 1085 944 larga

110 944 266 1042 duxisset.
287 943 386 1040 ,quid
408 964 485 1090 erpo
511 965 571 1008 nos
600 944 751 1008 conuenit
776 943 1001 1042 gratulari-de
1023 945 1084 1009 hoo

110 1027 1121 1199 cnaracastraserrasaare,10

109 1197 402 1294 uideanturufuisse
424 1219 520 1281 quam
541 1199 673 1263 ineunt.
712 1199 800 1295 ualet
822 1199 908 1262 enim
930 1219 990 1262 nos
1012 1201 1083 1261 tan·

110 1287 182 1347 tum
196 1282 346 1346 hsbu1sse
368 1285 522 1366 quantum
544 1281 659 1347 debere
674 1283 861 1367 desimmus3
885 1282 972 1346 ualet
987 1283 1083 1366 plena

110 1368 212 1432 fuisse
233 1366 362 1446 horrea,
392 1367 504 1451 plenas
532 1367 643 1449 cellas,
671 1388 744 1430 cum
770 1367 806 1432 iu
827 1367 926 1432 nullis
951 1367 1083 1450 reliquis

110 1452 310 1516 haereamus.
354 1452 415 1516 hoo
435 1451 529 1515 nobis
552 1455 602 1516 est
621 1452 685 1548 ista
707 1451 852 1535 largitio,
876 1452 961 1535 quod
983 1452 1084 1516 Terra

110 1535 1122 1770 practirprpturusstassais:1⁵

136 1727 187 1771 cro
224 1725 265 1768 uo
289 1726 348 1768 auc
440 1724 498 1769 es.

178 1787 266 1854 XIV.
296 1789 462 1864 Quaenam
484 1791 554 1853 toto
576 1789 652 1853 orbe
671 1793 830 1853 terrarum
852 1790 919 1853 auri
942 1789 1083 1873 argenti-

111 1896 176 2024 pue
209 1873 342 1938 metalla
374 1877 441 1938 tam
474 1874 567 1959 larga
601 1876 691 1956 sunt,
728 1873 798 1958 quis
832 1873 939 1958 Tagus
972 1873 1084 1958 quisue

141 1958 263 2024 actolus
290 1962 383 2023 tanto
411 1959 504 2023 fluxit
531 1980 608 2023 auro
636 1962 792 2043 quantum
813 1959 1004 2023 liberalitate
1027 1961 1147 2046 tusco-¹

114 2043 281 2109 consecuti
295 2044 427 2108 sumus?
449 2045 619 2108 nonenim
641 2043 771 2108 maioris
792 2047 841 2107 est
861 2045 1004 2108 muneris
1027 2043 1083 2107 abs

111 2133 146 2194 te
176 2128 345 2211 accepisse.
390 2129 468 2212 quin
496 2130 595 2193 immo
624 2132 744 2212 quanto
771 2132 820 2192 est
842 2127 950 2192 durius
981 2131 1084 2192 extor-

112 2213 205 2297 queri
228 2211 311 2296 quod
325 2214 489 2297 proprium
504 2213 601 2279 fuerit
616 2235 711 2296 quam
733 2234 799 2277 non
821 2214 982 2297 acquirere
1002 2212 1085 2294 quod

113 2298 214 2362 fuerit
241 2296 396 2380 alienum,
431 2301 523 2362 tanto
552 2298 673 2362 dulcior
701 2301 750 2361 est
776 2298 911 2361 remissa
938 2297 1083 2361 soluendi

112 2382 289 2447 necessitas
311 2402 407 2466 quam
429 2382 574 2448 lucrandi
596 2385 708 2466 optata
731 2383 948 2448 commoditas.
987 2402 1084 2465 quam
1097 2400 1123 2440 aa

112 2466 223 2549 multi,
252 2467 426 2550 imperator
447 2468 609 2552 Auguste,
637 2487 716 2552 quos
739 2467 850 2550 inopia
871 2465 999 2530 latitare
1028 2485 1085 2550 per

114 2551 217 2616 saltus
240 2554 296 2614 aut
318 2551 415 2615 etiam
437 2551 471 2618 in
494 2552 624 2617 exilium
645 2553 692 2616 ire
716 2551 926 2638 compulerat,
953 2552 1015 2614 ista
1037 2571 1085 2614 re-

113 2636 269 2700 missione
297 2637 491 2784 relipuorum
524 2637 558 2700 in
586 2637 691 2702 lucem
720 2640 852 2721 exeunt,
886 2637 920 2700 in
947 2635 1084 2720 patriam

113 2723 332 2803 reuertuntur,
371 2721 509 2806 esinunt
529 2721 702 2804 pristinam
724 2741 873 2786 accusare
890 2721 1084 2804 pauperiem,

115 2805 269 2870 desinunt
290 2804 393 2871 odisse
423 2827 574 2891 agrorum
596 2825 726 2869 suorum
751 2805 969 2884 sterilitatem,
997 2825 1085 2867 resu-
1098 2821 1123 2862 so

185 3065 199 3112 1
224 3063 321 3128 quinto
344 3077 415 3113 anno
437 3064 544 3127 scripsi:
575 3062 670 3128 quinto
688 3062 716 3109 Η
734 3060 807 3112 Bere.
833 3059 951 3126 (quanto
969 3056 1000 3122 (l)
1031 3055 1041 3123 ΙΙ
1071 3060 1086 3109 6

115 3130 287 3182 condidisset
305 3129 332 3179 lt
361 3128 372 3195 11
402 3131 473 3197 lsq.
496 3130 598 3181 oliuota
620 3128 860 3192 tommentis,
887 3143 955 3182 corr.
975 3127 1085 3177 Rieters·

113 3199 201 3251 temtus
230 3195 241 3264 ll
270 3197 393 3250 9lustro
411 3201 516 3249 alterum
534 3214 580 3248 om.
598 3197 618 3247 B
637 3198 695 3247 (lv
721 3198 725 3259 Ι
750 3197 800 3248 illa
817 3198 926 3262 scripsi:
949 3194 1085 3258 nulls13

114 3283 149 3316 aa
167 3267 318 3317 delendam?
344 3266 421 3317 nulla
443 3267 517 3331 frug.
536 3265 628 3318 besrit
647 3266 693 3317 ub.
712 3265 921 3331 Eyssenhardtus
950 3262 960 3330 ΙΙ
991 3266 1022 3314 12
1041 3264 1087 3314 de-

114 3333 231 3385 sinimus
248 3333 272 3381 Δ
289 3335 348 3388 edd.
367 3331 377 3401 ss
395 3335 427 3385 ll
445 3339 556 3385 suctum
572 3334 682 3399 scripsi:
701 3340 794 3383 netum
812 3335 839 3381 Η
855 3330 865 3399 11
886 3335 918 3383 21
938 3329 993 3400 ost]
1012 3335 1087 3382 esset

114 3403 247 3454 Puteanus
276 3399 286 3466 ΙΙ
316 3403 348 3453 22
372 3405 475 3468 quanto
494 3404 568 3455 edd:
594 3405 673 3454 tanto
690 3402 718 3449 1
747 3399 757 3467 ΙΙ
786 3403 819 3453 27
840 3402 881 3452 ire
905 3416 993 3466 comp.
1011 3402 1029 3449 0
1048 3413 1085 3448 w:

115 3483 232 3587 pecomp.
253 3468 290 3585 ἱ
310 3467 320 3534 ΙΙ
350 3471 383 3520 29
402 3470 531 3521 desinunt
549 3483 586 3521 v:
608 3470 738 3521 desinant
755 3470 783 3518 Η
812 3466 823 3536 ll
852 3471 884 3522 30
902 3468 1031 3522 desinunt
1048 3479 1085 3514 w:

133 3537 245 3589 esiuant
