2572 3990
356 181 360 184 ⁶
419 223 581 274 ruiruuo
600 225 633 276 n.
660 226 768 275 ro-sr.
1037 222 1077 286 27
1120 217 1126 230 ²

112 371 229 455 pariter
256 371 382 435 intenta
410 371 538 436 bonitas
574 374 606 436 et
633 373 777 436 accincta
808 376 844 436 ut
874 373 995 442 tristius
1022 374 1078 438 ali·

109 455 184 539 quid
219 456 348 519 saeculo
382 459 437 519 tuo
466 457 569 538 passis
603 457 642 520 ad
672 457 847 520 remedium
880 458 1078 541 salutemque

112 539 250 604 sufficiat
271 544 308 602 ut
330 539 422 603 scias.

171 623 293 690 XXXI.
324 623 479 688 Omnibus
501 624 647 708 equidem
668 625 819 708 gentibus
834 625 955 689 fertiles
977 648 1078 690 annos

110 711 279 793 ¹gratesque
301 711 402 772 terras
422 730 551 792 precor:
575 709 763 773 crediderim
784 713 893 774 tamen
915 732 973 794 per
992 710 1103 774 huncc

111 793 252 876 Aegypti
273 794 393 856 statum
407 796 479 857 tuas
494 793 657 857 fortunam
677 794 759 857 uires
776 795 913 878 experiri
928 799 1078 877 tuamque

112 877 313 960 uigilantiam
336 881 480 961 spectare
504 879 652 942 uoluisse.
683 901 760 942 nam
783 901 856 942 curn
878 880 986 942 omnia
1008 880 1078 943 ubi-

71 973 76 984 ’
111 983 168 1043 que
203 961 344 1024 secunda
376 962 542 1042 merearis,
576 983 683 1026 nonne
712 963 919 1027 manifestum
948 967 1012 1044 est,
1050 963 1077 1026 si

109 1045 182 1128 quid
206 1045 333 1110 aduersi
355 1046 467 1131 cadat,
498 1047 560 1110 tuis
583 1046 729 1111 laudibus
757 1046 882 1131 tuisque
904 1048 1077 1112 uirtutibus

108 1130 274 1194 materiam
298 1151 507 1214 campumque
529 1133 724 1214 praesterni,
752 1153 824 1196 cum
847 1132 985 1196 secunda
1006 1133 1116 1196 feli-10

109 1236 175 1297 ece,
213 1214 347 1278 aduersa
374 1237 511 1299 magnos
539 1215 697 1298 probent?
742 1216 966 1301 percrebuerat
995 1217 1077 1292 anti-

106 1300 214 1382 quitus
243 1299 355 1363 urbem
382 1302 527 1364 nostram
554 1299 618 1363 nisi
646 1300 759 1382 opibus
788 1301 927 1385 Aegypti
956 1301 997 1364 ali
1027 1323 1077 1364 su-

108 1383 305 1466 stentarique
319 1405 385 1448 non
397 1405 498 1467 posse.
522 1384 728 1467 superbiebat
742 1389 876 1448 uentosa
892 1389 924 1448 et
935 1385 1076 1448 insolens

107 1468 193 1532 natio
213 1467 298 1552 quod
319 1468 474 1532 uictorem
494 1469 620 1552 quidem
637 1469 790 1553 populum
807 1473 953 1552 pasceret
967 1472 1077 1533 tamen

108 1552 253 1635 quodque
280 1551 314 1615 in
345 1574 401 1616 suo
424 1551 570 1635 flumine,
598 1553 633 1616 in
657 1555 722 1617 suis
744 1555 880 1618 nauibus
902 1553 954 1617 uel
976 1554 1074 1617 abun·
1090 1573 1114 1614 15

108 1636 218 1700 dantia
239 1639 350 1700 nostra
373 1637 426 1700 uel
447 1638 549 1700 fames
572 1641 664 1701 esset.
709 1638 883 1701 refudimus
906 1638 981 1701 Nilo
1004 1660 1076 1702 suas

107 1721 231 1804 copias:
254 1723 377 1804 recepit
397 1722 560 1785 frumenta
583 1743 663 1804 quae
684 1723 815 1785 miserat
833 1722 1077 1805 deportatusque

107 1827 226 1869 messes
258 1807 392 1870 reuerit.
443 1806 548 1870 discat
579 1805 678 1890 igitur
705 1807 874 1890 Aegyptus
908 1804 1076 1888 credatque
1173 1814 1175 1818 '

108 1890 326 1973 experimento
350 1911 415 1954 non
431 1883 585 1954 alimenta
607 1911 641 1954 se
658 1890 751 1954 nobis
774 1889 828 1954 sed
844 1889 965 1954 tributa
986 1910 1077 1972 prae·
1126 1949 1130 1956 .

105 1978 206 2037 stare:
232 1975 313 2038 sciat
333 1997 367 2038 se
389 1996 457 2038 non
479 1997 548 2039 esse
562 1974 683 2058 populo
697 1973 841 2038 Romano
863 1974 1075 2037 necessariam
1089 1995 1114 2033 20

105 2061 138 2120 et
163 2062 275 2122 tamen
303 2059 432 2122 seruiat.
476 2059 666 2143 posthaec,
694 2059 721 2122 si
744 2059 845 2142 uolet,
874 2059 968 2122 Nilus
991 2061 1076 2121 amet

105 2143 234 2206 alueum
258 2165 350 2207 suurn
379 2147 411 2207 et
433 2143 573 2207 fluminis
601 2143 730 2206 modum
753 2151 873 2207 seruet:
911 2143 992 2207 nihil
1014 2143 1076 2206 hoc

106 2227 145 2289 ad
167 2228 281 2292 urbem
305 2249 342 2292 ac
363 2249 405 2292 ne
428 2227 469 2291 ad
487 2228 671 2312 Aegyptum
694 2227 832 2310 quidem,
857 2227 920 2292 nisi
942 2230 979 2290 ut
1001 2226 1076 2291 inde

104 2312 240 2396 nauigia
261 2313 373 2376 inania
395 2315 427 2376 et
446 2333 548 2376 uacua
571 2316 603 2375 et
620 2312 737 2375 similia
759 2312 975 2394 redeuntibus,
998 2310 1075 2374 hinc

104 2395 202 2478 plena
230 2400 262 2461 et
290 2399 406 2461 onusta
440 2399 473 2459 et
497 2395 603 2480 qualia
631 2397 736 2459 solent
767 2396 878 2460 uenire
906 2397 1076 2459 mittantur
1089 2415 1114 2454 25

105 2502 324 2564 conuersoque
352 2501 483 2544 munere
506 2481 603 2544 maris
632 2480 708 2545 hinc
729 2481 836 2563 potius
861 2480 951 2543 uenti
972 2479 1076 2543 feren-

103 2568 152 2628 tes
175 2568 209 2634 et
230 2565 337 2628 breuis
360 2587 471 2629 cursus
496 2569 657 2648 optentur.
691 2565 816 2646 mirum,
840 2563 966 2646 Caesar,
989 2563 1075 2626 uide-

102 2653 202 2730 retur,
226 2650 253 2712 si
269 2650 409 2713 desidem
424 2649 608 2734 Aegyptum
629 2653 867 2733 cessantemque
883 2648 994 2712 Nilum
1010 2669 1075 2712 non

102 2733 260 2798 sensisset
286 2734 374 2798 urbis
402 2754 545 2817 annona3
579 2756 659 2818 quae
681 2734 745 2797 tuis
767 2733 896 2816 opibus,
922 2735 977 2795 tua
1000 2753 1074 2795 cura

104 2838 205 2900 usque
231 2817 309 2882 illuc
336 2818 527 2883 redundauit
559 2821 596 2882 ut
624 2818 719 2881 simul
746 2818 934 2901 probaretur
962 2819 995 2878 et
1016 2836 1074 2878 nos
1088 2835 1114 2875 so

101 2904 258 2986 Aegypto
273 2923 366 2986 posse
390 2907 422 2967 et
440 2903 533 2967 nobis
548 2903 734 2986 Aegyptum
757 2922 864 2965 carere
886 2920 953 2963 non
967 2919 1073 2980 posse.

102 2989 212 3049 actum
236 2989 305 3050 erat
327 2987 366 3052 de
387 2986 617 3052 fecundissima
640 2989 746 3070 gente,
769 2985 796 3048 si
819 2983 920 3048 libera
941 2982 1075 3048 fuisset:

102 3071 254 3150 pudebat*
269 3072 448 3136 sterilitatis
469 3070 633 3152 insolitae,
657 3091 717 3134 nec
740 3069 845 3132 minus
869 3067 1076 3132 erubescebat

102 3156 191 3219 tame
219 3175 317 3239 quani
344 3157 567 3240 torquebatur,
601 3175 673 3219 cunr
695 3155 817 3238 pariter
842 3176 862 3216 a
882 3156 915 3217 te
937 3154 1074 3216 necessi-

173 3347 187 3394 7
213 3350 339 3408 spectare
359 3359 388 3409 ςε
413 3350 556 3409 expectare
574 3345 601 3390 Μ
623 3341 633 3408 ll
655 3345 670 3394 8
693 3342 811 3392 secunda
833 3343 933 3406 ubique
951 3341 983 3388 W
1005 3338 1015 3404 ΙΙ
1040 3343 1069 3390 10

101 3413 257 3473 praeeterni
274 3413 395 3473 Lipsius:
413 3412 549 3476 prosterni
565 3412 592 3458 n
604 3408 615 3476 ΙΙ
630 3413 660 3460 15
679 3411 794 3460 nauibus
812 3421 850 3457 w:
869 3409 993 3458 manibus
1012 3408 1039 3454 n
1060 3405 1071 3471 ll

103 3480 137 3526 16
154 3483 251 3530 uestra
268 3481 288 3527 B
303 3480 324 3527 V
337 3477 347 3544 ΙΙ
360 3483 390 3530 21
414 3479 489 3529 uolet
506 3476 605 3544 1111131
625 3479 704 3528 uobis
723 3478 744 3525 V
760 3475 770 3541 ΙΙ
787 3479 819 3527 32
840 3475 1034 3526 facundissima

104 3540 113 3608 ll
132 3547 166 3596 34
185 3561 266 3612 quum
282 3547 303 3595 B
320 3549 356 3597 V:
377 3562 432 3612 qua
450 3549 466 3596 c
484 3547 524 3596 W.
