2578 4000
302 186 559 240 consrmrruo
578 187 748 239 nuocsro
766 187 800 238 n.
820 191 894 239 3—5.
1020 185 1081 251 217

112 335 213 433 sequi·
226 335 341 418 uellcs3
370 335 435 399 nisi
457 335 542 418 qnod
564 339 650 400 recte
671 336 830 400 factorum
853 336 1083 420 contemplator

112 441 297 504 acerrrmus,
321 419 349 484 si
371 419 447 503 quid
470 441 561 484 secus
575 420 676 499 fieret,
700 442 720 483 a
742 421 908 503 spectandi
930 439 1005 485 cura
1026 443 1082 504 pu-

112 505 225 569 dentes
253 504 362 568 oculos
385 503 606 568 abstrahebas.
652 504 742 568 dabit
764 505 849 568 enirn
871 506 999 568 ueniam
1022 505 1082 571 cle·

111 589 233 653 mantia
254 591 326 670 tua,
351 587 378 651 si
401 588 602 653 audaciorem
622 589 741 653 ueritas
763 588 853 653 facit.

175 672 216 738 ll.
247 672 442 737 Existimare
464 673 592 755 quidem
615 674 654 736 de
668 673 867 757 principibus
889 673 1011 736 nemini
1031 671 1108 737 fase

113 761 171 822 est.
217 779 293 821 nam
322 760 354 821 et
381 757 416 821 in
442 757 601 821 uestibulo
629 778 686 822 sno
713 757 928 842 inquirentem
955 757 1084 840 repellit

112 842 239 906 obiecta
264 842 427 906 ueneratio
456 844 489 904 et
509 841 537 904 si
559 842 614 925 qui
635 845 744 907 mente
765 843 896 925 propius
925 841 1083 925 adierunt,

113 926 197 1011 quod
212 926 314 990 oculis
336 926 371 988 in
386 927 485 990 solem
508 947 541 990 se
563 926 829 990 contendentibus
852 927 969 1009 euenit,
992 947 1082 1009 prae·

113 1011 227 1075 stricta
254 1010 323 1074 acic
350 1009 479 1074 uidendi
508 1009 662 1075 facultate
689 1014 869 1075 caruerunt.
913 1031 1024 1074 uerum
1045 1012 1082 1073 tu

112 1095 208 1174 facis,
231 1093 415 1177 principum
437 1094 589 1177 maxime,
618 1096 656 1158 ut
676 1098 786 1178 patere
808 1095 979 1160 uideantur
1001 1116 1083 1178 quae
1096 1113 1121 1151 10

114 1179 279 1243 obstructa
301 1177 389 1261 prius
410 1179 554 1261 fucrant,
588 1179 643 1261 qui
664 1182 731 1242 tam
758 1182 850 1262 optas
872 1181 959 1244 totus
981 1179 1083 1244 uideri

114 1284 210 1348 quam
232 1263 330 1327 ceteri
347 1263 548 1326 recusabant.
585 1284 652 1326 non
671 1267 777 1327 terror
798 1264 931 1327 obtentu
954 1264 1003 1326 est
1023 1284 1083 1326 nec

114 1346 314 1411 occultandis
336 1367 416 1431 quae
431 1348 619 1430 plerumque
639 1347 833 1411 intrinsecus
853 1349 956 1411 latent
977 1346 1083 1410 demo·

112 1431 279 1514 randoque
319 1433 451 1515 aspectu
489 1431 664 1496 ostentatio
703 1432 846 1514 speciosa
885 1430 1080 1514 perhibetur.

114 1517 246 1580 obtutus
268 1515 435 1580 hominum
456 1515 617 1598 benignus
639 1518 799 1600 receptas3
822 1537 881 1579 nec
903 1516 1082 1579 intuentem
1095 1529 1120 1570 1⁵

114 1599 1083 1768 ’11111111111111121112111111122

114 1769 273 1852 prioribus
287 1768 419 1848 fuerint,
442 1773 612 1852 postquam
628 1789 665 1832 ea
687 1790 767 1853 quae
783 1771 895 1851 operta
916 1768 950 1831 in
968 1767 1083 1830 ceteris

114 1853 210 1916 ueriti
238 1874 346 1916 sumus
375 1853 409 1916 in
430 1857 463 1916 te
490 1855 631 1917 reserata
659 1874 860 1917 ueneremur.
905 1851 1019 1935 igitur,
1048 1853 1084 1914 ut

12 1957 15 2010 J
114 1937 238 2018 facitis,
268 1936 446 2001 beatissimi
468 1935 633 2019 (laesores,
661 1958 718 2020 per
745 1957 855 2000 omnes
876 1939 1121 2019 paternarumrc

115 2021 245 2085 laudum
267 2022 336 2085 uias
358 2022 404 2086 ite
426 2022 538 2087 securi.
569 2042 636 2085 non
658 2021 796 2105 simplici
817 2021 947 2104 quidem
968 2020 1083 2084 itinere

115 2126 306 2169 numerosae
328 2105 397 2170 eins
418 2108 556 2171 uirtutes
575 2105 810 2190 ingrediuntur,
834 2105 890 2169 sed
912 2103 1021 2168 omnia
1044 2103 1084 2168 ad

117 2189 252 2254 eundem
279 2190 402 2274 gloriae
430 2191 550 2254 exitum
572 2189 690 2256 ferunt.
735 2191 842 2254 nullae
872 2189 1083 2272 cupiditatum

116 2273 325 2355 deflexionem
363 2274 471 2338 nullus
505 2275 620 2338 erroris
653 2275 834 2340 anfractus:
877 2277 914 2337 ut
943 2272 1084 2337 uerenda

115 2357 395 2443 progredientibus
422 2379 490 2421 non
516 2360 559 2422 sit
581 2357 783 2440 dispendiosa
810 2358 981 2422 reuocatio.
1025 2359 1084 2420 ita·
1097 2369 1123 2412 2⁵

116 2463 178 2524 que
199 2443 405 2506 maturiorem
434 2463 559 2507 cursum
581 2441 767 2506 instituistis
791 2442 989 2525 quimorem
1012 2461 1084 2504 con-

117 2527 279 2590 siderandi
300 2527 424 2590 itineris
446 2547 512 2590 non
527 2526 662 2592 habetis.
690 2527 745 2591 sed
766 2527 847 2591 mihi
869 2526 1085 2590 circumuento

116 2610 178 2674 hac
199 2610 271 2694 ipsa
295 2632 402 2674 rerum
425 2612 531 2694 copia,
559 2633 639 2695 quae
661 2612 863 2694 potissimum
891 2608 1085 2694 capessenda

116 2695 251 2778 sitnia,
275 2695 329 2778 qni
352 2695 456 2759 aditus
478 2695 550 2779 fiat,
578 2697 736 2759 incertum
759 2700 822 2760 cstr
859 2694 905 2758 ita
928 2716 961 2758 se
983 2693 1085 2757 multa

116 2778 256 2843 offerunt
278 2780 384 2862 specie
406 2780 513 2862 paria,
536 2778 759 2862 magnitudine
782 2777 1003 2861 congruentia.
1098 2791 1123 2831 ³0

185 3036 301 3084 4malr'm
318 3035 491 3085 audaciorem
508 3049 551 3083 me
581 3031 591 3099 ss
622 3035 744 3084 imanis
762 3046 799 3081 w:
822 3035 939 3081 mantem
957 3032 984 3078 lt
1001 3030 1085 3091 Bert.‚
1149 3039 1154 3048 “

117 3117 167 3167 quo
184 3108 286 3152 retento
305 3101 455 3168 adegerunt
473 3101 694 3154 celadiecernnt
712 3102 781 3151 docti
806 3101 811 3162 Ι
843 3105 956 3149 mantem
973 3098 1085 3162 propius

116 3168 246 3220 Hert:
263 3171 377 3234 propius
394 3174 510 3220 mentem
529 3177 586 3222 cett.
600 3165 611 3234 ΙΙ
629 3171 660 3219 11
678 3168 753 3232 prius
772 3169 914 3217 obstructa
931 3162 972 3230 ⁰l
990 3167 1021 3214 12
1040 3165 1085 3214 ob-

117 3237 209 3286 tentui
225 3238 246 3286 B
265 3237 297 3286 W
313 3255 344 3286 m.
364 3239 388 3298 1,
408 3237 549 3288 obstentui
566 3250 590 3285 w
609 3235 729 3287 ostentui
748 3250 764 3300 ς
781 3233 791 3300 {l
808 3237 840 3285 13
860 3234 1031 3284 extrinsecus
1048 3234 1084 3295 H,

117 3319 187 3354 corr.
205 3305 338 3354 Liuineius
351 3301 361 3369 ΙΙ
375 3306 406 3354 14
423 3303 585 3368 perhibetur
601 3306 675 3358 edd:
694 3302 855 3368 prohibetur
872 3302 899 3348 lt
916 3300 992 3352 Berl.
1010 3314 1087 3364 prae·

117 3371 226 3422 hibetur
244 3373 378 3422 Acidaliae
398 3369 545 3435 praebetur
562 3371 694 3422 Diuineius
710 3368 720 3434 ΙΙ
738 3371 770 3419 16
787 3369 908 3431 iniquum
925 3382 950 3417 w
967 3366 977 3433 ΙΙ
995 3369 1026 3418 17
1045 3368 1086 3417 in·

117 3439 271 3504 telligimus
289 3442 312 3488 A
330 3452 367 3488 w:
386 3433 574 3504 intelligamus
592 3445 651 3492 cett.
665 3435 675 3503 ΙΙ
689 3440 722 3488 18
738 3438 851 3488 fuerunt
867 3438 894 3485 Μ
912 3436 999 3500 Bert,
1018 3451 1086 3486 corr.

117 3507 253 3557 Acidaliae
270 3504 280 3570 ΙΙ
296 3508 329 3556 22
346 3507 533 3557 malim¹omnis
551 3504 561 3572 ΙΙ
578 3508 610 3558 28
630 3505 802 3572 capessenda
819 3505 842 3554 Α
