2578 4000
160 199 220 264 148
480 201 527 253 vr.
559 199 709 252 incurri
726 200 807 252 anu.

158 351 288 415 nomine
317 349 396 414 mihi
419 349 623 434 peculiariter
648 350 889 434 gratulandum,
920 350 1127 416 deuotissima

157 436 249 500 nobis
278 434 392 500 ciuitas
422 435 605 500 Aeduorum
638 457 677 499 ex
704 435 764 498 hac
794 434 1000 500 Britannicae
1027 435 1129 501 facul·

157 523 224 584 tata
246 520 401 586 uictoriae
423 520 593 603 plurimos
621 519 735 602 quibus
758 520 833 584 illae
854 521 1038 604 prouinciae
1057 523 1128 586 red·-

158 604 336 685 undabant‚
367 606 494 689 accepit
516 604 654 669 artifices
684 608 716 669 et
737 626 824 670 nunc
852 606 1053 671 extractione
1074 629 1128 672 uc-

132 692 263 754 cterum
286 689 452 755 domorum
475 693 508 753 et
525 689 702 754 refecti-one
724 711 855 773 operum
871 689 1072 773 publicorum
1095 697 1128 758 et

157 773 350 858 templorum
377 775 611 838 instauratione
639 775 816 858 consurgit.
861 797 948 840 nunc
973 776 1034 840 sibi
1054 777 1128 840 red·

158 859 259 923 ditum
283 863 382 924 uetus
410 859 487 923 illud
511 859 675 924 Romanae
695 858 909 926 fraternitatis
934 881 1052 926 nomeu
1075 883 1127 926 ex-

158 943 298 1025 istimat,
337 965 408 1009 cum
440 940 474 1008 tc
507 965 616 1008 rursus
650 943 767 1016 habeat
796 943 1003 1010 conditorem.
1049 945 1127 1029 dixi,

159 1027 277 1094 Caesar
295 1029 425 1110 inuicte,
447 1049 547 1112 prope
562 1027 655 1112 plura
670 1050 764 1112 quam
779 1029 880 1112 potui,
905 1030 959 1094 sed
975 1033 1128 1115 pauciora

120 1132 145 1170 ιο
158 1134 253 1196 quam
276 1113 388 1197 debui,
417 1117 454 1176 ut
482 1113 658 1177 iustissima
683 1113 763 1177 mihi
793 1135 887 1180 causa
916 1115 959 1180 sit
985 1115 1105 1199 propit'

156 1197 288 1262 numine
310 1200 367 1262 tuo
391 1200 423 1263 et
443 1219 531 1262 nunc
553 1197 720 1264 desinendi
742 1203 774 1262 et
796 1219 892 1284 saepe
914 1198 1050 1264 dicendi.

561 1423 642 1430 -----›---
659 1425 664 1428 -
675 1423 706 1430 ψ..
718 1424 743 1429 ---

613 1589 663 1662 Vl

454 1743 546 1840 IN
567 1741 603 1840 O
622 1744 663 1840 E
681 1743 727 1840 n
745 1743 784 1841 Τ
802 1744 828 1840 Ι

156 1906 467 1974 annueramus
476 1907 735 1974 Maximino
747 1908 803 1974 nr
813 1909 1123 1977 ccnsrnnnno

119 2059 144 2100 n
527 2047 756 2102 DIGTUQ

220 2194 247 2257 L
291 2191 441 2257 Dixerint
468 2193 544 2258 licet
571 2195 703 2279 plurimi
728 2197 885 2281 multique
914 2198 1031 2262 dicturi
1060 2199 1126 2263 sint

159 2299 195 2342 ea
223 2277 336 2360 quibus
366 2278 474 2342 omnia
501 2279 588 2343 facta
615 2283 723 2344 uestra
747 2303 1005 2366 summorumque
1027 2283 1124 2346 uirtu-

156 2365 224 2426 tum
247 2363 363 2426 merita
383 2363 567 2447 laudantur,
594 2366 801 2430 sacratissimi
821 2367 1000 2451 principes,
1024 2367 1125 2432 Maxi-

158 2448 273 2527 miane,
296 2447 377 2512 uelis
399 2448 493 2531 nolis,
515 2470 641 2534 semper
661 2453 819 2536 Auguste,
843 2456 876 2516 et
898 2451 1123 2536 Constantine,

119 2533 264 2596 noricus
291 2533 482 2616 imperator:
519 2533 599 2596 mihi
621 2537 729 2600 tamen
757 2539 877 2602 certum
901 2541 951 2601 est
977 2559 1015 2602 ea
1035 2559 1123 2622 prac-

158 2617 250 2700 cipue
264 2617 328 2681 isto
345 2637 490 2683 sermone
506 2618 676 2701 complecti
697 2642 777 2704 quae
792 2624 869 2684 sunt
883 2621 978 2685 huius
993 2622 1123 2706 propria

157 2701 297 2766 laetitiae
320 2723 383 2786 qua
404 2702 464 2766 tibi
480 2701 608 2768 Caesari
625 2703 767 2770 additum
787 2726 906 2770 nomen
920 2705 1123 2790 imperatoris

158 2793 190 2850 et
218 2786 351 2851 istarum
380 2787 563 2852 caelestium
592 2791 776 2874 nuptiarum
799 2790 883 2854 festa
911 2790 1122 2855 celebrantur.

159 2874 264 2936 cetera
279 2873 364 2936 enim
385 2873 420 2936 iu
435 2893 502 2936 rem
517 2874 679 2957 publicam
700 2879 807 2939 uestra
821 2875 976 2939 beneficia
989 2879 1125 2959 possunt

120 2971 145 3012 2⁵
158 2956 267 3021 multis
287 2957 508 3022 occasionibus
527 2957 723 3024 diuersorum
738 2963 915 3042 temporum
930 2960 1121 3043 praedicari:

157 3039 232 3105 huic
259 3044 335 3105 uoto
356 3043 487 3125 propria
512 3065 600 3107 nunc
622 3045 755 3108 debetur
783 3045 884 3109 oratio
913 3045 996 3128 quod
1026 3045 1124 3110 semel

157 3125 280 3188 fuctum
294 3125 436 3189 futurum
457 3130 506 3190 est
520 3129 760 3210 sempiternum.
791 3128 935 3213 equidem
958 3129 1024 3194 scio
1046 3151 1123 3214 gau-

158 3209 300 3272 dentium
328 3209 433 3274 studia
461 3233 546 3276 nuuc
572 3213 618 3276 ita
638 3215 709 3277 toto
738 3212 815 3277 orbe
838 3212 1018 3298 florescere,
1047 3235 1123 3300 qua·

227 3398 258 3447 16
276 3396 404 3449 dixerunt
421 3401 444 3448 Δ
456 3401 477 3448 V
489 3400 522 3448 W
540 3362 649 3450 suntiw
666 3398 676 3465 11
695 3403 725 3450 19
744 3401 823 3451 nobis
835 3403 858 3450 A
875 3399 934 3466 1122
952 3401 1125 3468 imperatoris

159 3465 307 3516 Acidaliae:
325 3466 433 3530 imperii
450 3469 477 3516 Μ
493 3465 503 3532 11
520 3469 553 3517 23
571 3469 642 3518 leste
658 3469 681 3516 Α
697 3465 707 3534 11
726 3471 757 3519 24
775 3468 910 3520 beneficia
927 3476 1020 3521 nestra
1038 3469 1123 3519 ΒΜ

158 3527 167 3596 11
185 3533 217 3582 ‘26
235 3533 321 3583 semel
341 3539 383 3584 est
400 3534 506 3583 factum
523 3535 556 3583 W
