2586 3996
219 158 283 222 288
544 159 606 210 x11.
637 157 769 209 PACATI
786 158 869 209 ran.

218 307 861 475 {tltPttltltlttlltltatl
875 306 1187 458 ltlttttt

219 478 334 542 nuntio
363 479 439 541 mali
461 476 640 542 Cannensis
667 477 834 558 exterrita,
863 475 930 540 filio
956 478 1074 542 reduce
1096 499 1185 561 quem

218 562 328 644 flebat,
351 562 484 646 diriguit
503 562 538 625 in
553 564 687 625 mortem
709 581 769 625 neo
784 581 844 644 par
866 581 935 625 esse
950 561 1070 644 gaudio
1084 563 1186 645 potuit

194 665 300 729 aquae
328 647 529 730 superfuerat
551 645 706 712 orbitati?
751 646 897 709 conscius
918 645 1020 728 igitur
1044 646 1185 710 caelestis

220 731 330 796 arcani
357 736 391 794 et
411 731 607 794 naturalium
635 729 852 813 depositorum
880 730 981 793 mauis
1004 729 1186 796 hominibus

219 815 1185 982 tttlttttl{tllmntlttltttlttttttlt

218 985 458 1067 repentinorum
480 983 629 1066 uoluptas
651 988 688 1047 ut
709 986 853 1066 occupat,
875 983 922 1046 sic
944 983 1114 1068 relinquit:
1141 985 1183 1047 f-

181 1086 206 1128 ro
219 1067 325 1132 licitas
350 1066 479 1153 longior
507 1071 555 1131 est
582 1071 749 1151 ¹expectare
777 1088 932 1135 securum.
977 1068 1088 1151 itaque
1117 1089 1183 1134 cum
1238 1107 1239 1110 =

220 1152 375 1217 hactenus
405 1175 424 1216 a
449 1155 566 1216 natura
594 1156 678 1216 esset
699 1155 855 1216 statutum
881 1155 917 1215 ut
937 1151 1025 1215 bona
1052 1175 1111 1217 sua
1131 1153 1183 1216 ho·
1242 1230 1248 1239 Ι

219 1238 322 1302 mines
346 1241 423 1301 aute
445 1238 607 1301 nescirent
635 1240 667 1301 et
688 1241 757 1301 tum
779 1237 918 1320 primum
939 1236 1123 1320 inciperent
1142 1237 1184 1301 fe
1254 1278 1255 1281 =

219 1322 340 1388 licitate
358 1323 506 1406 gaudere,
531 1344 602 1387 cum
626 1322 806 1405 coepissent
827 1342 895 1386 essa
915 1321 1042 1386 felices:
1066 1326 1103 1386 tu
1116 1343 1183 1406 pro·
1256 1379 1257 1392 ἶ

218 1406 376 1472 mittendo
409 1407 602 1491 praestanda
634 1407 788 1470 inuenisti
817 1409 943 1489 tempus
976 1406 1062 1489 quod
1095 1407 1183 1470 nobis
1256 1443 1257 1446 κ

180 1496 335 1555 unctura
361 1492 575 1574 subtraxerat,
604 1496 639 1555 ut
661 1512 739 1574 quos
769 1490 885 1574 adepta
906 1489 1009 1554 solum
1031 1491 1184 1556 innabant

218 1577 315 1640 etiam
338 1575 545 1659 adipiscenda
565 1576 735 1640 delectent.

281 1659 352 1726 XX.
389 1660 465 1725 Pari
487 1661 561 1725 beni
586 1661 688 1725 nitate
711 1659 912 1743 cumplures
936 1658 1066 1723 afficere
1088 1659 1183 1724 hono
1259 1717 1260 1728 ,

217 1745 305 1809 ribus
328 1744 427 1810 uelles
449 1767 544 1830 quam
562 1681 724 1808 ionorum
751 1746 821 1809 loca
843 1743 1052 1808 admitterent
1080 1748 1113 1808 et
1133 1767 1183 1808 au-

218 1831 342 1912 gustior
370 1834 455 1894 esset
481 1830 616 1894 materia
644 1831 811 1894 uoluntate
839 1849 900 1892 nec
927 1830 1070 1892 mentem
1098 1833 1183 1894 tuam

179 1933 205 1972 ro
218 1915 365 1997 quamuis
388 1915 535 1982 diffusum
561 1917 690 1998 caperet
710 1913 895 1997 imperium,
925 1933 1019 1996 quem
1042 1914 1183 1978 nondum

218 1997 324 2082 aliquo
344 2001 519 2082 prouexisti
541 2000 643 2082 gradu
658 2003 768 2062 tamen
791 1997 977 2082 dignatione
1000 1998 1121 2062 solatus
1143 2019 1181 2062 cs.

217 2086 312 2165 atque
338 2083 424 2147 haud
451 2085 516 2146 scio
543 2105 584 2146 an
611 2083 800 2165 quibusdam
827 2082 1003 2146 consolatio
1032 2083 1097 2147 ista
1124 2083 1183 2146 suf·

216 2166 338 2230 fecerit.
382 2165 436 2229 ille
459 2165 683 2230 cohonestatus
705 2165 820 2249 affatu,
847 2167 901 2230 ille
924 2187 1037 2230 mensa
1059 2167 1182 2249 beatus,

216 2248 271 2313 ille
292 2251 401 2314 osculo
423 2254 628 2316 consecratus
651 2254 709 2316 est.
737 2253 784 2317 ita
807 2251 955 2315 omnibus
978 2251 1033 2335 qui
1047 2254 1081 2316 te
1099 2253 1184 2335 prin-

178 2353 203 2392 25
217 2334 287 2418 cipe
309 2335 371 2400 sibi
392 2335 461 2400 iure
483 2335 682 2402 confiderent
709 2340 764 2401 aut
785 2337 941 2420 processit
962 2335 1109 2421 dignitas
1132 2333 1185 2400 aut

216 2420 374 2484 satisfecit
394 2419 597 2486 humanitas:
623 2421 820 2502 humanitas,
844 2421 991 2504 inquam,
1014 2442 1098 2504 quae
1119 2424 1185 2484 tam

217 2504 303 2567 clara
331 2505 367 2568 in
395 2505 586 2587 imperatore
613 2527 710 2589 qnam
737 2528 808 2570 rara
836 2514 893 2570 est.
937 2526 1013 2568 nam
1043 2527 1117 2570 cum
1138 2507 1185 2569 in·

215 2587 353 2652 discreta
367 2588 511 2653 felicium
525 2589 698 2674 pedisequa
718 2591 761 2654 sit
775 2589 934 2673 superbia,
957 2590 1012 2653 uix
1034 2593 1187 2673 cuiquam

216 2674 378 2758 contingit
400 2678 433 2737 et
448 2674 609 2739 abundare
625 2674 759 2739 fortuna
781 2677 814 2738 et
828 2674 972 2758 indigere
988 2676 1186 2759 arrogantia.

175 2773 201 2814 ω
215 2759 303 2822 cuius
326 2760 454 2843 quidem
482 2760 528 2823 ita
556 2758 691 2824 maiores
718 2763 847 2824 nostros
868 2763 1051 2842 pertaesum
1073 2762 1124 2824 est
1151 2763 1188 2823 nt

213 2844 395 2927 grauiorem
422 2865 548 2928 semper
568 2845 754 2928 putauerint
781 2843 934 2908 seruitute
963 2845 1187 2927 contemptum

283 3085 346 3133 lut
364 3099 424 3147 epo:
443 3087 491 3132 aut
508 3084 536 3132 1
554 3098 587 3133 ao
605 3085 663 3133 edd.
685 3081 695 3147 l
719 3084 839 3133 tmolus
856 3084 917 3131 Ar
941 3079 951 3147 ΙΙ
977 3085 1144 3146 'lseparata
1162 3084 1186 3131 Δ

213 3145 222 3212 ll
252 3151 282 3198 12
302 3156 366 3200 ante
386 3152 467 3201 orac
496 3148 507 3215 ΙΙ
538 3153 568 3200 17
586 3151 705 3200 PrariA
734 3149 744 3215 ΙΙ
775 3153 807 3202 18
827 3151 1010 3213 augustiord
1039 3147 1049 3214 ΙΙ
1079 3153 1113 3200 20
1133 3151 1186 3200 ‹lit-

212 3215 303 3266 lusmn
321 3220 395 3268 edd:
414 3218 543 3268 diffusam
560 3221 588 3266 Η
617 3217 627 3283 ΙΙ
658 3221 688 3268 21
709 3234 739 3268 es
758 3218 898 3268 solatusll
927 3215 937 3282 11
966 3220 999 3266 22
1019 3217 1185 3280 quibusdam

214 3284 366 3334 consolatio
384 3287 404 3333 B
423 3287 440 3332 G
459 3286 481 3333 V
497 3293 534 3334 w:
562 3287 660 3350 quibus
684 3286 754 3335 clam
778 3284 935 3336 consulatio
952 3286 975 3333 Α
1004 3283 1014 3349 ΙΙ
1044 3287 1078 3334 23
1101 3285 1185 3336 coho-

213 3356 308 3400 nestus
326 3352 361 3411 Η,
382 3351 541 3404 cohortatus
559 3367 584 3402 w
613 3352 622 3418 ΙΙ
652 3355 685 3402 24
703 3354 893 3418 principemA
922 3351 932 3418 [1
961 3354 994 3403 28
1013 3352 1185 3417 pedissequa

213 3423 230 3468 0
248 3420 281 3466 W
304 3414 313 3481 ΙΙ
337 3419 370 3466 29
390 3421 504 3483 contigit
521 3421 577 3469 BV
592 3420 596 3481 Ι
612 3421 732 3471 indicere
749 3422 773 3469 A
796 3419 806 3486 ΙΙ
830 3424 863 3472 30
880 3425 1038 3484 pertaesum
1055 3420 1078 3467 Α
1092 3421 1185 3470 Bari..-

213 3501 320 3551 semper
338 3490 493 3548 pertaesum
511 3487 531 3533 B
549 3489 565 3534 0
584 3488 605 3535 V
622 3489 655 3535 W
678 3489 687 3552 ΙΙ
712 3491 742 3538 31
763 3503 870 3552 semper
888 3490 937 3538 del.
955 3501 980 3535 w
