2582 3992
419 195 581 248 rasicae
600 198 633 248 n.
669 198 779 249 es—as.
1043 195 1083 262 81

110 367 237 412 amares
260 365 333 412 eum
360 344 517 410 desiderio
547 347 696 430 expertus
725 365 769 429 es,
799 345 970 412 distractus
993 367 1084 430 sepe·
1191 399 1192 402 η

110 435 278 528 ratusque,
312 429 388 494 dum
415 429 501 495 cedis
529 432 563 495 et
588 429 738 496 runcoris.
780 429 840 515 ita,
874 429 960 515 quod
986 431 1084 496 fando

110 516 291 581 inauditum
325 535 395 580 cum
415 515 565 599 princeps
587 517 620 580 et
640 515 795 599 principis
817 516 938 582 amicus
958 513 1085 582 diuersa
1164 541 1165 544 ¹

110 599 248 684 defletis,
269 565 303 664 id
324 600 430 684 potius
457 600 579 666 factum
607 603 656 666 est
684 600 768 684 quod
795 601 916 668 amicus
944 599 1083 666 uolebat.

109 707 131 752 o
152 706 221 750 rem
241 685 413 750 memoriae
433 684 611 768 litterisque
632 685 865 750 mandandam!
888 684 1112 770 praefectume

111 769 274 854 praetorio
296 790 363 835 non
385 790 424 834 ex
447 769 669 856 ingerentibus
691 791 736 854 se,
758 769 813 836 sed
836 791 875 834 ex
896 768 1084 834 subtrahen-

109 855 197 920 tibus
218 854 326 940 legere
346 853 545 938 eundemque
574 855 641 918 otio
664 854 748 937 quod
771 854 979 938 pertinaciter
1001 857 1087 926 amet

110 939 255 1024 reddere,
278 959 413 1024 cumque
428 939 472 1004 sis
486 939 556 1023 ipse
577 938 735 1004 distentus
755 939 882 1024 imperii
903 938 998 1023 curis,
1019 960 1087 1004 non

110 1024 229 1110 quietis
250 1024 388 1109 gratiam
411 1023 557 1108 cuiquam
577 1023 731 1089 inuidere.
762 1023 991 1110 intellegimus,
1009 1023 1086 1090 an-

111 1132 179 1190 sar,
215 1111 373 1193 quantum
404 1108 465 1174 tibi
496 1129 554 1193 pro
593 1107 751 1174 laboriosa
783 1108 846 1174 ista
879 1109 1021 1174 statione
1052 1111 1124 1174 etro

111 1193 255 1260 exercita
283 1193 470 1278 debeamus,
504 1215 578 1258 cum
605 1193 706 1260 otium
735 1215 754 1258 a
781 1195 814 1260 te
841 1197 1006 1278 tamquam
1033 1215 1085 1259 res

110 1279 238 1364 optima
258 1282 292 1343 et
312 1281 442 1363 petatur
464 1281 496 1342 et
519 1277 620 1342 detur.
651 1299 752 1362 ,quam
774 1299 834 1364 ego
857 1279 952 1344 sudio
975 1277 1085 1343 confu-

110 1363 238 1430 sionem
252 1366 344 1428 tuam
357 1364 467 1447 fuisse,
492 1384 563 1427 eum
585 1361 819 1448 digredientem
834 1363 1084 1447 prosequereris!

111 1450 302 1534 prosecutus
326 1469 360 1514 es
382 1448 468 1514 enim
495 1469 556 1512 nee
584 1448 773 1531 temperasti
801 1448 861 1514 tibi
889 1469 951 1532 quo
979 1447 1085 1514 minus
1134 1501 1135 1506 ,

110 1533 244 1598 exeunti
271 1533 306 1598 in
333 1533 426 1598 litore
461 1533 642 1616 amplexus,
678 1533 821 1598 osculum
849 1533 958 1598 ferres.
996 1531 1125 1602 secuse

110 1616 234 1686 Caesar
254 1618 369 1683 inille
394 1617 554 1684 amicitiae
581 1617 728 1700 specula,
757 1617 849 1682 stetit
874 1619 1086 1702 precatusque

111 1706 163 1770 est
185 1703 317 1768 abeunti
344 1723 446 1788 prona
466 1702 570 1768 maria
593 1701 804 1800 celeremque,
834 1701 862 1766 si
883 1705 994 1766 tamen
1016 1702 1086 1785 ipse

111 1787 282 1872 uoluisset,
316 1807 480 1854 recursum
512 1808 573 1852 nec
610 1787 763 1851 sustinurt
788 1785 992 1852 recedentem
1019 1805 1087 1850 non

111 1873 213 1939 etiam
234 1875 330 1958 atque
352 1873 450 1938 etiem
470 1872 567 1956 uotis,
591 1871 731 1938 lacrimis
754 1871 854 1956 sequi.
889 1891 966 1936 nam
988 1870 1027 1934 de
1049 1869 1086 1934 li-

112 1957 283 2024 beralitate
315 1961 416 2024 taceo.
462 1956 577 2042 quibus
615 1956 701 2021 enim
737 1955 922 2020 muneribus
955 1953 1125 2039 aequoria
1145 1916 1197 2001 &s

112 2042 195 2108 haec
217 2063 293 2110 cura
338 2042 480 2126 rincipis‚
502 2042 583 2107 haec
610 2041 768 2127 patientia
794 2043 909 2125 potest,
938 2061 1001 2125 qua
1021 2059 1087 2104 me·
1118 2092 1120 2098 .

112 2127 208 2192 ruisti
240 2129 278 2193 ut
308 2065 363 2192 ille
397 2127 459 2192 sibi
490 2127 627 2194 nimime
662 2126 755 2192 fortis
791 2147 829 2191 ac
859 2146 956 2210 prope
990 2124 1087 2190 durus

114 2211 300 2277 uideretur?
336 2233 397 2278 nec
429 2211 540 2277 dubito
577 2211 656 2296 quin
688 2211 863 2296 agitauerit
899 2231 1007 2276 secum
1044 2231 1087 2274 an

111 2296 335 2395 gubernacula
355 2298 566 2382 retorqueret,
589 2300 622 2361 et
642 2296 782 2379 fecisset,
805 2295 870 2362 nisi
883 2295 969 2379 quod
983 2313 1087 2382 paene

114 2405 126 2446 1
167 2381 421 2448 ooontubernio
441 2381 597 2466 principis
624 2380 749 2445 felicius
778 2379 1009 2464 iucundiusque
1037 2381 1128 2444 estas

137 2465 298 2532 esiderare
325 2466 505 2551 prinoipem
532 2465 775 2532 desiderantem.
816 2467 849 2529 et
874 2463 929 2528 illc
960 2462 1088 2547 quidem

113 2555 152 2616 ut
172 2552 313 2616 marimo
334 2551 441 2618 fructu
461 2551 601 2635 suscepti
621 2550 669 2616 ita
688 2551 809 2616 maiore
830 2548 968 2634 depositi
987 2545 1088 2614 officii

113 2635 220 2722 glorie
241 2635 367 2720 fruitrm
389 2640 426 2701 tu
447 2639 554 2702 autem
575 2635 734 2701 facilitate
755 2635 818 2702 ista
841 2637 1031 2701 consecutus
1054 2655 1087 2698 es

113 2743 157 2786 ne
180 2742 275 2805 quem
296 2723 435 2788 retinere
456 2721 596 2787 uidearis
617 2721 766 2786 inuitum.

185 2863 202 2912 3
219 2860 374 2911 inauditum
393 2864 436 2910 est
460 2857 532 2925 quod
555 2874 616 2909 oum
633 2861 657 2907 Β
681 2856 684 2923 1
708 2853 857 2923 principis]
885 2856 1026 2922 principos
1044 2858 1067 2904 Β
1079 2852 1088 2921 11

113 2929 133 2978 4
151 2931 258 2978 tactum
278 2932 322 2978 est
337 2929 361 2976 Β
377 2925 416 2992 15
435 2943 451 2978 o
469 2933 495 2976 et
513 2941 564 2992 que
581 2941 629 2976 em.
646 2928 670 2974 Β
686 2923 697 2990 11
713 2925 729 2974 6
747 2925 888 2990 practorio
900 2926 936 2972 B:
955 2923 1088 2989 praetorii

114 2992 254 3060 llsell:
278 3012 326 3048 cm.
344 2994 491 3061 Ilexll:
517 2994 576 3044 el
600 2991 610 3059 l
634 2991 795 3059 lqnodltt
821 2993 945 3057 queml
968 2988 979 3057 l
1002 2991 1086 3042 Sim·

115 3063 189 3128 perii
201 3061 287 3132 curis]
295 3065 324 3114 in
338 3062 470 3128 periculis
480 3063 503 3111 Β
515 3060 518 3126 1
530 3077 585 3112 non
600 3062 703 3127 quietis
718 3061 785 3112 oar
798 3057 808 3126 11
823 3060 968 3126 egrotiam
978 3061 1088 3124 scripsi:

115 3129 235 3196 gloriam
247 3130 283 3193 11,
299 3133 374 3183 etita
386 3131 427 3182 uel
438 3129 574 3196 glor-laam
587 3131 610 3179 Β
621 3126 630 3196 11
644 3131 675 3181 10
687 3131 714 3178 et
726 3144 774 3180 em.
787 3130 810 3178 Β
821 3124 830 3194 11
842 3130 874 3177 11
885 3128 1088 3180 exercitatione

114 3211 143 3248 v
159 3199 180 3247 Β
204 3196 215 3264 1
240 3200 272 3249 14
290 3214 320 3251 ea
337 3201 361 3249 Β
379 3201 406 3250 ie
423 3214 494 3248 raa:
516 3214 563 3253 om.
581 3198 608 3245 Π
628 3197 631 3264 1
651 3196 813 3262 temperasti
829 3197 865 3245 B:
893 3201 922 3248 te
940 3195 1088 3262 imperasti

114 3262 251 3332 11115111
268 3265 350 3320 litore
369 3266 512 3331 amplexus
529 3267 559 3315 in
577 3264 657 3317 litore
675 3263 800 3316 osculum
811 3265 835 3313 Β
847 3259 855 3332 11
868 3265 900 3314 16
919 3259 1087 3329 amiciaelll

118 3334 198 3386 stetit
220 3337 328 3388 aterum
349 3351 397 3391 om.
414 3335 450 3398 Β,
468 3335 530 3386 add.
548 3336 572 3384 Β
595 3331 605 3399 11
633 3335 665 3384 11
683 3336 728 3383 est
746 3332 863 3384 abeunti
880 3347 968 3397 prona
985 3347 1034 3383 om.
1052 3332 1089 3394 Β,

116 3402 180 3456 add.
194 3403 222 3452 1Β
244 3399 256 3468 1
280 3403 312 3454 19
332 3407 416 3470 atque
430 3438 437 3454 .
452 3443 459 3457 .
477 3401 551 3452 uotis
574 3407 602 3452 et
625 3401 751 3452 lacrimis
773 3401 796 3450 Β
819 3397 830 3466 1
858 3401 891 3451 23
914 3400 1024 3450 uidetur
1041 3400 1064 3448 Β
1080 3396 1092 3464 11

117 3468 154 3520 24
170 3469 243 3536 quod
259 3471 283 3520 Β
294 3469 315 3522 Β
327 3473 351 3521 V
361 3485 399 3521 w:
424 3483 477 3535 qao
496 3471 513 3518 0
527 3467 531 3533 1
545 3467 644 3536 paene]
669 3484 741 3520 nene
758 3470 782 3518 Β
799 3468 870 3520 bene
888 3469 909 3517 Β
920 3464 929 3535 11
946 3468 979 3518 26
997 3469 1025 3520 et
1043 3465 1092 3516 ille

118 3537 169 3602 qui
185 3537 279 3590 &riute
296 3539 319 3588 Β
343 3537 353 3604 1
377 3541 410 3590 21
428 3537 522 3588 fructa
539 3551 567 3604 ςε
588 3537 741 3589 tructus'll

165 3619 252 3664 Parra.
265 3623 323 3664 Lar.
922 3623 938 3672 6
