2582 3992
349 213 533 264 sarasan.
550 213 758 264 maxumam.
783 216 857 264 a-s.
1025 209 1087 274 105

118 361 251 442 bamus,
289 361 372 445 quod
405 361 624 445 expeditiones
660 365 783 426 uestras
820 381 988 425 numerare
1020 382 1087 424 non

118 467 306 530 possumus,
337 445 422 530 quod
450 446 569 510 diutius
596 447 630 510 in
657 445 758 510 isdem
785 465 915 510 manere
942 445 1086 530 uestigiis

119 530 356 614 dedignamini,
385 531 470 615 quod
492 551 549 594 uos
573 553 591 594 a
614 531 766 594 continuo
789 551 883 593 eursu
904 551 1011 593 rerum
1033 551 1086 614 ge·

117 616 291 682 rendarum
313 635 380 678 non
396 615 490 679 modo
511 615 687 680 amoenitas
701 614 844 678 locorum
867 616 922 677 aut
936 613 1087 676 nobilitas

118 699 263 783 urbium,
293 699 349 764 sed
371 721 412 764 ne
433 699 504 783 ipsa
526 700 653 782 quidem
681 698 889 763 uictoriarum
909 700 1113 762 uestrarums

118 783 245 850 laetitia
271 788 457 848 remoratur.
501 784 592 847 illum
613 785 709 848 modo
732 783 823 865 Syria
844 782 986 846 uiderat:
1022 783 1087 846 iarn
1172 800 1174 804 ·

119 868 291 933 Pannonia
317 870 509 952 susceperat.
553 871 590 933 tu
611 869 705 932 modo
727 867 850 932 Galliae
875 865 994 950 oppida
1015 865 1086 929 illu·
1164 873 1167 900 ¹

120 956 296 1018 straueras:
318 953 384 1016 iam
405 974 545 1016 summas
566 973 654 1016 aroes
669 951 816 1016 Monoeoi
830 950 979 1016 Herculis
997 972 1086 1034 prae·
1147 1027 1148 1032 γ

118 1037 250 1102 teribas.
291 1037 397 1119 amb0,
421 1057 492 1101 eum
514 1036 555 1099 ad
576 1036 731 1100 orientem
754 1035 1013 1118 oceidentemque
1036 1055 1087 1098 oo·
1140 1087 1153 1106 .

120 1121 231 1204 eupari
252 1121 461 1205 putaremini,
490 1123 622 1204 repente
643 1121 678 1184 in
700 1121 804 1184 medio
826 1118 941 1196 Italiae
964 1119 1088 1202 gremio
1100 1137 1127 1176 10

119 1205 326 1290 apparuistis,
355 1205 414 1270 hos
433 1205 557 1269 fructus
581 1206 694 1290 eapitis
716 1225 846 1288 operum
866 1203 1086 1284 maximorum,

120 1291 169 1355 sio
190 1290 321 1354 interim
342 1289 528 1354 meritorum
550 1289 745 1353 conscientia
765 1288 986 1372 triumphatis,
1013 1288 1088 1350 dum

119 1373 302 1458 triumphos
336 1375 423 1458 ipsos
459 1395 584 1458 semper
615 1373 773 1437 uincendo
806 1371 938 1436 differtis
945 1421 954 1454 ,
994 1371 1087 1455 quod,

119 1479 329 1544 quaeeunque
349 1457 565 1542 pulcherrima
578 1457 694 1540 facitis,
719 1457 871 1521 continuo
891 1456 1034 1520 transitis
1056 1459 1088 1518 et

120 1544 162 1608 ad
185 1543 307 1608 maiora
328 1535 516 1627 properatis,
539 1545 585 1625 ut,
608 1543 684 1606 dum
705 1541 844 1626 uestigia
858 1544 972 1605 uestra
994 1540 1087 1606 mira-
1102 1555 1128 1597 1⁵

119 1647 195 1692 mur
216 1627 354 1710 dumque
376 1648 432 1694 uos
455 1627 558 1692 adhue
581 1647 650 1691 ease
675 1627 710 1690 in
732 1629 905 1709 conspeetu
927 1627 1086 1708 putamus,

118 1713 186 1776 iam
220 1711 259 1776 de
293 1713 385 1776 uobis
419 1712 584 1776 audiamus
617 1711 796 1794 longinqua
828 1710 990 1776 miracula.
1040 1709 1088 1771 ita

119 1817 233 1860 omnes
270 1796 454 1879 prouinoiae
490 1797 631 1877 uestrae,
670 1809 748 1878 quaa
780 1793 890 1857 diuina
927 1792 1088 1857 celeritate

118 1881 329 1965 peragrantis,
351 1880 407 1945 ubi
422 1880 493 1946 sitis
514 1879 657 1944 uicissim
672 1879 836 1962 nesciunt3
860 1877 966 1941 suiuut
980 1881 1088 1940 tamen

118 1964 320 2048 uoa.ubique
341 1965 465 2032 uicisse.
486 1979 488 1984 ’
1101 1976 1128 2016 2⁰

187 2047 228 2114 V.
281 2047 344 2114 Sed
372 2050 412 2113 de
442 2049 537 2113 rebus
565 2048 690 2112 belliois
723 2046 929 2130 uictoriisque
961 2045 1086 2126 uestris,

119 2133 339 2200 sacratissime
365 2133 554 2217 imperator,
585 2135 618 2196 et
641 2132 734 2196 multi
760 2152 883 2196 summa
908 2129 1089 2213 eloquentia

119 2218 260 2302 praediti
288 2239 383 2301 saepe
409 2217 558 2282 dixerunt
590 2221 623 2280 et
649 2238 709 2301 ego
737 2215 875 2298 pridem,
909 2236 982 2279 oum
1010 2213 1088 2278 mihi

119 2301 297 2366 auditionis
324 2305 399 2366 tuae
421 2301 531 2365 diuina
554 2300 698 2398 dignatio
727 2321 796 2364 eam
819 2299 944 2382 copiam
966 2298 1088 2378 tribuit,

119 2389 280 2470 quantum
297 2387 396 2469 potui,
418 2385 612 2470 praedicam.
642 2384 736 2449 hodie
758 2404 835 2448 uero
856 2384 883 2446 si
905 2383 944 2446 de
966 2381 1088 2448 duabus
1103 2397 1129 2438 25

118 2471 233 2555 rebuS,
266 2491 345 2554 quas
377 2471 417 2536 ad
445 2471 506 2534 hoo
532 2474 659 2553 tempus
690 2467 873 2553 aptissimas
905 2467 969 2532 nisi
995 2466 1089 2530 fallor

120 2556 224 2638 elegi,
260 2555 364 2619 dicere
392 2554 472 2618 mihi
498 2554 629 2620 fauente
659 2557 767 2619 uestra
794 2553 961 2617 maiestate
989 2551 1089 2614 eonti-

120 2639 224 2724 gerit,
259 2639 297 2704 de
320 2639 434 2704 ceteris
456 2639 584 2704 ueniam
612 2638 732 2702 silentii
754 2641 873 2721 petam.
918 2657 984 2700 non
1006 2655 1089 2699 oom-

119 2745 267 2788 memoro
287 2724 388 2808 igitur
409 2723 527 2788 uirtute
548 2727 655 2788 uestra
678 2722 907 2805 rempublicam
924 2720 1090 2784 dominatu

121 2807 311 2874 saeuissime
335 2807 517 2891 liberatam,
545 2828 610 2872 non
640 2807 712 2870 dieo
739 2805 944 2870 exacerbatas
971 2801 1130 2866 saeouliao

119 2892 239 2976 prioris
254 2891 379 2956 iniuriis
399 2913 456 2974 per
472 2891 673 2955 clementiam
687 2892 827 2953 uestram
848 2889 888 2952 ad
904 2885 1091 2968 obsequium

119 2974 244 3041 redisse
266 2975 465 3059 prouincias,
498 2975 592 3039 mitto
619 2974 716 3038 etiam
737 2972 804 3036 dies
826 2973 924 3036 festos
946 2969 1090 3034 uictoriis

119 3060 357 3144 triumphisque
386 3061 577 3141 celebratos,
606 3061 698 3122 taoeo
719 3056 876 3140 trophaea
898 3055 1091 3121 Germanica

119 3145 157 3209 in
185 3145 290 3209 media
316 3144 420 3208 defixa
448 3143 610 3226 barbaria,
643 3146 773 3206 transeo
800 3141 936 3205 limitem
959 3139 1091 3204 Raetiae

192 3335 208 3382 2
226 3331 301 3382 idem
318 3334 341 3381 A
362 3329 371 3398 ll
393 3335 408 3380 3
426 3331 506 3382 nobis
523 3333 556 3382 W
576 3331 580 3392 l
600 3345 691 3381 rarum
710 3345 791 3381 eursu
809 3331 829 3378 B
842 3331 859 3378 0
872 3331 894 3378 V
915 3327 925 3395 ss
948 3329 964 3378 8
982 3329 1090 3380 monesi

121 3401 146 3449 A
155 3400 177 3448 B
186 3401 220 3448 V:
238 3401 341 3449 moneti
358 3402 419 3448 GW
430 3397 444 3464 i
455 3401 486 3450 18
506 3413 574 3462 quas
591 3399 717 3448 Bcvw:
737 3413 819 3462 quam
830 3399 853 3446 A
865 3395 875 3462 ΙΙ
888 3399 918 3446 21
938 3395 1090 3461 uiatoriiaq.

120 3469 142 3518 B
156 3469 175 3516 0
187 3468 209 3515 V
220 3480 258 3515 w:
277 3467 456 3531 uiatoribnsq.
469 3468 491 3514 A
512 3465 522 3532 ll
543 3469 575 3516 22
594 3481 651 3516 sao.
671 3468 698 3513 Η
717 3465 723 3526 1
741 3470 768 3514 et
786 3482 832 3516 om.
850 3466 871 3514 B
884 3467 901 3514 0
918 3461 928 3528 ll
945 3466 976 3514 27
994 3469 1091 3513 uestra

120 3535 236 3586 fauente
256 3537 273 3583 0
289 3534 293 3599 Ι
310 3536 459 3599 contigerit
476 3547 513 3583 w:
533 3535 653 3589 conterit
670 3534 697 3581 Π
713 3531 723 3599 ΙΙ
740 3535 772 3584 33
790 3533 936 3598 triumphis
955 3531 1055 3582 celebr.
1073 3531 1090 3578 0
