2578 4000
207 203 271 268 236
461 267 463 272 ,
533 205 568 259 x,
599 205 747 255 urrisu
764 203 846 254 rau.

209 352 378 418 collucent.
408 375 426 416 o
449 356 604 437 quantam
626 353 693 416 uim
715 352 872 435 possides,
895 352 1011 434 uirtuS,
1035 374 1118 434 quae
1141 354 1176 417 in

208 437 270 501 hoc
304 437 416 501 habitu
449 437 521 520 plus
548 441 679 502 terroris
708 436 870 520 praeferas
905 457 1000 520 quam
1033 436 1176 501 decoris!

209 522 309 586 secuti
331 522 418 585 hunc
445 523 590 586 ardorem
612 521 780 585 fortissimi
801 520 920 584 milites
949 524 981 584 et
1003 521 1119 604 dignos
1143 543 1177 586 se

206 591 308 670 ductu
336 606 403 670 eius
429 606 625 691 imperioque
650 606 761 670 testati
788 607 834 669 sio
861 605 983 668 uiritim
1010 605 1176 670 laboraue·
1277 651 1278 676 ;

184 693 300 772 crunt,
351 690 420 754 uasi
442 713 566 754 summa
588 712 638 754 res
660 690 861 775 singulorum
882 711 979 753 manu
1000 693 1175 754 teneretur.
1277 721 1278 728 1

272 712 374 838 XXX.
418 774 494 840 Non
521 774 775 838 commemorabo
803 773 857 838 hic
884 777 985 838 tectas
1013 775 1176 839 continuis

209 859 370 944 stragibus
391 859 492 943 ripas,
514 881 580 923 non
602 860 766 943 oppletum
788 859 912 922 aceruis
935 879 1104 942 corporum
1124 859 1177 922 Ti-

209 943 310 1006 berim
333 948 366 1007 et
379 944 464 1008 inter
481 947 651 1028 congestas
674 943 738 1006 alte
754 941 943 1006 cadauerum
962 941 1061 1006 moles
1078 964 1176 1027 aegro

209 1027 282 1090 nisu
305 1047 341 1091 ac
363 1028 417 1090 uix
439 1029 653 1091 eluctantibus
675 1027 858 1111 gurgitibus
886 1029 1054 1091 exeuntem
1077 1027 1176 1110 quod-

172 1129 198 1168 10
232 1133 272 1188 ue
300 1110 391 1174 illum
419 1111 523 1194 ipsum
550 1115 724 1194 tyrannum
756 1131 824 1174 non
856 1132 942 1175 mors
971 1111 1089 1192 uirilis,
1121 1112 1177 1175 sed
1277 1159 1278 1166 2

160 1233 165 1240 ’
210 1131 299 1344 {rr
315 1195 1178 1345 liliis''illidlieitititttilffllltrsiiaiuiiit

211 1365 289 1428 satis
318 1367 381 1446 est,
413 1365 496 1447 quod
522 1299 646 1428 {iiam
673 1363 775 1447 pridie
800 1302 954 1446 prolixius
984 1301 1074 1427 mihgi
1092 1364 1178 1428 dicta

212 1451 287 1511 sunt
316 1469 419 1532 neque
446 1471 504 1532 pro
534 1448 691 1533 dignitate
719 1449 831 1531 exequi
860 1450 951 1532 copia
981 1451 1043 1531 est,
1072 1451 1108 1511 ut
1136 1470 1177 1512 ne

174 1552 199 1593 rr
211 1553 322 1616 pugna
349 1533 581 1630 raptim-gesta
603 1533 722 1596 diutius
749 1536 878 1596 narrata
906 1554 1001 1615 quarn
1030 1531 1178 1597 conlecta

211 1614 367 1680 uideatur.
412 1637 431 1680 o
454 1639 481 1680 si
504 1638 590 1681 nune
612 1616 691 1681 mihi
712 1617 849 1681 facultas
872 1615 999 1680 daretur
1021 1617 1178 1681 sermonis
1277 1669 1278 1672 ,

211 1703 414 1784 propendere
427 1723 532 1765 rerum
543 1700 718 1787 figurandi!
742 1700 926 1765 adhiberem
941 1722 1051 1765 omnes
1065 1701 1178 1765 floscu-

187 1785 260 1848 los
282 1787 315 1849 et
337 1786 483 1850 abuterer
498 1786 654 1870 exquisito
677 1787 813 1870 quodam
828 1784 935 1868 lepore
957 1807 994 1849 ec
1009 1788 1178 1849 uenustate

213 1869 349 1933 dicendi.
386 1871 450 1933 iarn
473 1871 624 1954 strepitus
647 1870 767 1950 Martii,
790 1871 852 1934 iam
876 1870 1023 1933 tubarum
1047 1891 1177 1934 sonores

174 1952 303 2016 soleatis
337 1957 369 2017 et
398 1955 568 2018 resultanti
599 1955 709 2019 fauore
742 1957 914 2018 mutantur.
959 1953 1111 2018 dicendus
1143 1954 1177 2017 in

212 2038 324 2101 urbem
351 2039 516 2122 ingressus
545 2042 593 2102 est
614 2039 832 2120 imperatorie,
862 2039 949 2102 etin
972 2038 1178 2122 exprimendo

213 2124 341 2184 senatus
369 2123 540 2205 populique
564 2121 701 2186 Romani
728 2123 867 2186 maximo
894 2123 1011 2207 gaudio
1039 2123 1177 2207 ingrata,

212 2204 276 2267 nisi
299 2207 332 2267 et
352 2205 423 2287 ipsa
445 2206 583 2289 lasciuit,
606 2207 717 2270 oratio.
747 2207 854 2270 nullus
876 2210 949 2290 post
970 2207 1082 2271 urbem
1106 2228 1179 2270 con-

213 2287 312 2352 ditam
334 2287 401 2352 dies
423 2289 569 2354 Romano
591 2291 697 2354 illuxit
718 2292 852 2374 imperio
879 2292 969 2356 cuius
990 2295 1057 2356 tam
1081 2291 1179 2355 effusa

174 2393 200 2434 ss
213 2375 342 2457 tamque
370 2375 507 2459 insignis
536 2376 710 2459 gratulatio
738 2379 794 2441 aut
820 2375 919 2439 fuerit
947 2379 1002 2439 aut
1030 2397 1099 2439 esse
1127 2374 1178 2438 de·

213 2456 332 2539 buerit,
361 2459 442 2522 nulli
463 2463 529 2523 tam
557 2460 634 2523 laeti
655 2460 810 2544 triumphi
832 2481 910 2542 quos
938 2460 1103 2523 annalium
1125 2481 1179 2523 ue·

213 2544 315 2604 tustas
339 2547 539 2607 consecratos
560 2544 595 2606 in
618 2545 733 2608 litteris
756 2544 862 2608 habet.
999 2607 1004 2614 .

277 2623 396 2690 XXXI.
451 2626 526 2691 Non
563 2629 742 2711 agebantur
777 2628 904 2712 quidem
941 2632 1015 2692 anie
1052 2649 1178 2692 currum
1277 2693 1278 2696 ,

213 2707 313 2774 uincti
335 2709 446 2794 duces,
470 2713 525 2776 sed
546 2711 716 2777 incedebat
737 2713 866 2777 tandem
889 2712 993 2776 soluta
1015 2712 1178 2776 nobilitas.

174 2813 200 2854 ao
213 2815 279 2858 non
301 2795 438 2860 coniecti
459 2797 495 2859 in
517 2818 676 2861 carcerem
699 2797 842 2877 barbari,
866 2795 921 2860 sed
943 2797 1050 2860 educti
1073 2817 1091 2859 e
1113 2818 1179 2860 ear·

213 2899 285 2942 cere
313 2880 498 2954 consularis.
542 2903 607 2946 non
638 2882 757 2965 captiui
786 2881 986 2964 alienigenae
1014 2881 1179 2945 introitum

213 2963 303 3027 illum
327 2964 594 3048 honestauerunt‚
623 2966 678 3030 sed
700 2965 803 3029 Roma
829 2967 892 3028 iam
915 2965 1026 3029 libera.
1071 2964 1120 3028 nil
1142 2985 1180 3027 ex

281 3119 297 3166 b
315 3115 414 3186 tenen]
428 3121 563 3169 niteretur
575 3119 652 3184 ὅπερ.
665 3118 675 3184 11
692 3121 708 3170 9
720 3121 785 3170 nixu
797 3122 817 3168 B
828 3121 844 3169 (t
855 3120 918 3168 VW
933 3117 937 3184 Ι
954 3119 1123 3168 eluctatibns
1135 3119 1158 3166 Δ
1172 3113 1180 3180 11

214 3185 245 3232 11
266 3183 348 3248 digno
366 3200 403 3235 v:
421 3187 533 3252 dignum
552 3189 580 3234 11
600 3185 610 3252 1
632 3189 663 3236 12
681 3189 853 3237 tiecaucrunt
870 3188 894 3234 A
914 3185 924 3252 11
949 3190 981 3238 13
1000 3193 1029 3236 et
1047 3186 1102 3235 iam
1120 3201 1180 3251 epo:

214 3250 296 3299 etiam
314 3254 342 3299 iii
361 3251 400 3316 (et
416 3254 448 3319 B)
469 3254 474 3318 1
493 3254 597 3318 pridem
616 3256 748 3305 Acidaliae
769 3251 779 3319 11
804 3257 835 3303 14
852 3260 883 3305 ut
901 3269 935 3303 nc
952 3270 1014 3318 epo:
1034 3259 1063 3302 et
1079 3269 1116 3303 nc
1134 3253 1157 3300 A
1172 3249 1180 3314 11

215 3319 246 3366 17
260 3319 381 3380 pondere
394 3337 455 3385 epo:
468 3338 513 3372 om.
527 3323 562 3380 1,
576 3322 712 3386 dignitate
724 3324 785 3372 add.
799 3324 857 3375 edd.
873 3321 878 3386 1
893 3317 1041 3386 figurandi]
1066 3316 1181 3387 mirandi
1277 3325 1278 3328 ’

213 3396 239 3431 w
257 3387 404 3447 perorandi
416 3403 433 3452 ς
445 3387 455 3453 11
469 3390 499 3439 18
512 3390 639 3440 aduterer
652 3389 860 3454 Eyssenhardtus
872 3387 882 3454 11
897 3391 927 3440 19
940 3403 1054 3439 sonores
1082 3387 1145 3438 soni
1156 3399 1181 3434 w

215 3447 268 3517 1120
280 3450 359 3500 festis
370 3466 408 3501 w:
421 3455 510 3506 festus
519 3458 547 3503 11
559 3456 670 3508 festinis
682 3456 797 3506 uocibus
807 3456 883 3522 θυεμ,
898 3454 908 3520 1
921 3458 953 3506 29
965 3454 1130 3506 incedebant
1139 3456 1162 3502 A
1172 3449 1181 3517 11

215 3520 248 3569 30
259 3516 367 3567 deducti
378 3520 412 3580 1,
427 3537 495 3572 corr.
506 3523 635 3573 Liuineius
648 3522 701 3588 1131
716 3523 874 3574 consulares
883 3523 991 3573 BGVW
1005 3522 1009 3588 1
1027 3524 1139 3588 captiae
1148 3523 1181 3570 W
