2586 3996
10 523 12 546 Ι
123 505 218 570 fidem
239 507 441 590 prompserit.
471 507 609 589 optimos
630 509 683 572 ilic
704 513 762 572 uui
782 507 837 572 ille

315 188 528 242 THEODOSIO
546 189 719 241 AUGUSTO
737 190 773 240 D.
795 192 903 242 14-16.
1027 188 1091 254 285

10 345 11 350 ’
123 337 252 422 palatiis
275 337 385 422 digna,
409 337 465 401 sed
486 338 629 422 pergulis
651 339 837 404 habebatur.
867 339 942 403 inde
963 339 1091 404 facilius

10 467 11 482 2
122 423 285 486 inueneris
301 422 355 506 qui
370 422 539 505 pecuniam
560 444 599 486 ex
614 424 736 486 aerario
751 445 845 508 quam
860 424 913 571 qui
930 445 969 488 ex
984 425 1091 488 animo

884 508 1001 590 tabat,
1023 529 1091 573 non

123 591 220 656 etiam
242 591 412 676 diligebat:
444 590 593 674 prodesse
616 595 765 674 nouerat,
789 613 895 656 amare
916 593 1089 657 nesciebat.

122 679 158 740 tu
179 675 362 755 amicitiam,
384 696 504 739 nomen
521 680 597 740 ante
611 677 782 760 priuatum,
805 699 873 741 non
888 677 990 741 solum
1004 678 1116 742 intras

122 760 230 824 aulam
252 760 390 842 uocasti,
413 759 470 823 sed
491 760 636 824 indutam
658 783 814 844 purpura,
844 783 920 825 auro
942 762 1091 846 gemmis·

10 879 12 912 ;
123 866 184 926 que
205 844 387 909 redimitam
410 843 491 908 solio
514 845 665 928 recepisti
686 867 792 929 reque,
815 867 881 910 non
903 845 1019 928 uerbis,
1043 868 1091 910 as·

10 939 12 1006 ss
122 928 250 994 seruisti
271 929 428 1012 principis
449 934 589 994 mentem
610 933 702 994 tanto
724 932 759 993 in
780 951 854 994 suos
869 931 1092 1015 benigniorem

10 1015 12 1092 ξ
122 1034 191 1078 esso
208 1013 322 1077 debere
339 1016 460 1097 quanto
483 1014 526 1078 sit
539 1013 671 1078 fortuna
684 1016 912 1098 praestantior,
935 1037 1008 1080 eum
1028 1015 1090 1078 fide

10 1151 11 1172 ,
122 1119 159 1162 ao
180 1097 336 1162 facultate
356 1097 488 1181 paribus
510 1119 588 1183 agas
617 1102 650 1163 et
669 1099 883 1163 familiaribus
903 1099 969 1163 tuis
991 1101 1089 1183 impe·
1104 1119 1129 1158 ιο

120 1185 208 1246 rator
221 1182 345 1247 tribuas
366 1183 450 1266 quod
465 1183 611 1266 priuatus
631 1187 770 1267 optaras.
799 1205 993 1267 quamquam
1009 1205 1090 1280 quae

10 1283 12 1290 “
122 1289 236 1351 cupere
253 1288 314 1349 per
334 1271 410 1332 uota
430 1270 607 1351 potuerunt
627 1269 710 1351 quod
726 1268 868 1351 plerique
890 1270 923 1331 te
944 1269 1090 1351 principe

10 1377 12 1380 ·
121 1352 283 1416 consecuti
309 1351 407 1414 sunt?
451 1372 512 1415 nec
533 1371 622 1414 nuno
649 1352 688 1415 de
710 1351 759 1415 his
781 1351 956 1415 honoribus
978 1351 1091 1434 loquor

142 1456 201 1498 uos
220 1434 256 1498 in
270 1454 502 1518 quemcumque
524 1434 670 1499 conferre
685 1436 870 1518 imperatori
884 1456 1015 1500 neeesse
1031 1440 1088 1500 est.

120 1458 185 1584 dux
214 1519 329 1602 aliquis
362 1519 522 1584 euehitur:
567 1519 668 1603 exigit
696 1519 866 1602 disciplina
900 1523 1088 1585 castrorum.
1104 1538 1128 1578 15

119 1603 302 1688 praefectus
325 1602 501 1668 attollitur:
523 1603 753 1686 imponendum
775 1607 824 1668 est
840 1605 1017 1688 prouinciis
1040 1627 1090 1669 ca-

10 1747 11 1764 ,
119 1692 187 1772 put.
232 1687 344 1754 consul
372 1691 511 1752 creatur:
554 1686 723 1752 habiturus
751 1691 801 1752 est
828 1709 948 1752 nomen
976 1711 1088 1753 annus.

118 1776 165 1837 ita
197 1773 231 1837 in
266 1773 399 1837 summis
433 1772 497 1836 illis
553 1771 816 1857 ulcherrimisque
845 1772 1008 1838 beneficiis
1040 1777 1090 1837 est

120 1857 227 1941 aliqua
260 1858 455 1941 praestantis
486 1879 508 1919 u
525 1857 532 1870 '
547 1857 619 1920 itas.
665 1879 684 1920 a
711 1860 743 1921 te
775 1878 860 1922 noua
886 1858 1089 2005 beniqnitate

119 1943 147 2006 is
176 1942 289 2007 amicis
310 1941 414 2006 honos
436 1941 567 2006 habitus
592 1945 641 2006 est
663 1943 718 2024 qui
740 1945 826 2006 totus
855 1946 940 2007 esset
960 1942 1089 2006 ilorum
1102 1962 1127 2001 20

119 2025 233 2111 quibus
256 2025 473 2112 deferebatur3
497 2027 642 2124 nihilque
664 2048 704 2090 ex
726 2048 763 2091 eo
785 2027 823 2091 ad
843 2030 876 2091 te
897 2026 1090 2092 redundarit

118 2111 182 2176 nisi
204 2111 302 2176 dandi
322 2112 481 2196 uoluptas.
527 2133 579 2177 cur
601 2131 673 2177 cum
696 2115 804 2176 essent
825 2112 911 2176 domi
932 2111 991 2176 filii
997 2161 1006 2194 ,
1035 2133 1089 2196 ge-

119 2197 224 2259 minae
246 2196 320 2260 illae
343 2217 415 2280 spes
438 2196 586 2280 oculique
607 2196 826 2280 reipublicae,
849 2196 956 2260 dilatis
979 2218 1089 2261 eorum

11 2261 13 2356 ἶ
118 2281 360 2364 magistratibus
382 2281 502 2344 amicos
526 2279 711 2344 consulatus
733 2282 869 2346 ornauit.
914 2281 942 2345 si
964 2281 1087 2345 meher-

119 2363 189 2429 cule
211 2364 261 2427 uir
283 2363 337 2428 ille
360 2363 502 2447 diuinus,
524 2364 689 2428 felicitatis
712 2365 859 2447 publicae
881 2369 1007 2443 auctor,
1030 2387 1086 2448 pa·
1100 2382 1125 2420 2⁵

118 2469 193 2512 rens
221 2451 310 2529 tuus,
343 2449 482 2532 uiueret,
516 2448 593 2533 quid
626 2448 713 2513 aliud
742 2451 942 2533 expectasset
974 2469 994 2512 a
1022 2449 1088 2513 filio

119 2553 213 2615 quam
242 2536 279 2597 ut
306 2532 477 2616 nepotibus
504 2533 742 2599 anteferretur?
784 2533 961 2618 praebuisti
988 2533 1088 2617 igitur

118 2620 154 2681 tu
185 2617 294 2682 amicis
328 2639 391 2702 quo
420 2618 492 2701 plus
525 2640 585 2682 nec
613 2621 697 2702 patri
725 2621 888 2702 praestare
919 2617 1086 2702 potuisses.

11 2779 12 2786 Ι
118 2722 137 2764 o
153 2702 388 2766 beniuolentiae
403 2706 478 2767 tuae
500 2703 663 2787 singulare
685 2703 867 2767 consilium!
890 2723 988 2785 auges
1007 2705 1106 2764 tem·¹

11 2789 13 2836 l
118 2805 195 2867 pore
217 2785 409 2868 dignitatem
438 2807 519 2869 quae
541 2787 776 2851 incrementum
805 2807 843 2850 ex
864 2783 1124 2870 magnitudines

11 3087 13 3104 ,
187 3044 201 3090 1
219 3041 343 3107 pergulis
363 3041 504 3092 Gronovius
521 3042 574 3092 obs.
593 3040 628 3090 Il
646 3043 696 3090 22:
721 3040 850 3104 periculis
868 3043 896 3088 Η
925 3038 935 3106 ΙΙ
964 3043 980 3090 3
998 3055 1086 3105 prom·

11 3105 13 3172 Ι
116 3108 204 3172 puerit
221 3107 312 3159 Bere:
332 3111 517 3174 prompserint
534 3112 562 3157 Η
588 3107 591 3170 Ι
618 3108 737 3172 optimos
755 3121 791 3157 w:
816 3109 934 3174 optimus
952 3108 980 3156 1
1006 3106 1010 3174 Ι
1037 3107 1085 3158 ille

11 3179 13 3190 '
117 3181 167 3224 aut
184 3175 233 3226 ille
251 3193 313 3242 epo:
331 3176 379 3228 ille
397 3173 443 3240 ΠΙ
460 3177 609 3228 dicabath
631 3173 641 3241 Ι
662 3179 677 3227 7
695 3171 792 3242 reque]
812 3178 904 3242 ireque
922 3177 944 3224 Δ
963 3175 1043 3226 rebus
1061 3189 1086 3226 w

119 3242 122 3308 Ι
146 3244 268 3294 uerboll
297 3242 308 3310 ΙΙ
336 3245 469 3296 ssuiss
499 3242 509 3311 Ι
540 3247 571 3295 12
590 3259 690 3308 cupere
708 3246 816 3308 scripsi:
835 3259 934 3309 capere
953 3246 981 3291 Η
1007 3241 1011 3309 Ι
1038 3259 1085 3308 per

116 3311 222 3361 addidi:
248 3327 295 3364 om.
312 3312 340 3360 1
368 3309 380 3378 ΙΙ
409 3315 441 3364 16
460 3311 575 3364 atollh
607 3311 611 3375 Ι
645 3312 801 3377 prouinciae
819 3315 877 3362 edd.
914 3310 919 3376 Ι
948 3313 980 3361 21
1003 3311 1038 3360 ad
1056 3315 1085 3361 te

115 3394 164 3429 om.
181 3379 204 3426 A
267 3379 431 3430 redundarit
453 3380 639 3446 Wopkensius:
661 3379 829 3430 redundaret
845 3382 873 3427 Η
902 3378 906 3444 Ι
942 3382 974 3429 22
993 3384 1085 3429 essent

116 3461 178 3496 oum
191 3447 209 3494 0
224 3444 229 3513 Ι
252 3449 285 3497 24
304 3447 450 3500 consulatu
468 3449 526 3502 edd.
543 3446 554 3514 Ι
570 3451 603 3501 27
623 3448 757 3515 prebuisti
768 3449 814 3498 W:
833 3448 964 3514 profuisti
975 3447 1085 3496 ΔΒΗ

115 3515 282 3579 praestitisti
299 3517 357 3568 edd.
