2578 4000
307 187 560 242 corsrrurruo
579 189 750 242 aucusro
768 192 802 245 n.
823 193 928 243 17-19.
1041 156 1104 258 175

130 337 241 403 festim
268 338 406 402 nauibus
435 339 600 404 euolarent
628 339 788 424 effusoque
816 362 910 406 cursu
940 364 1007 407 non
1035 344 1101 410 iam

129 421 280 487 Rhodani
307 423 477 506 curricula,
508 424 563 487 sed
585 423 655 508 ipsa
677 424 907 508 quodammodo
930 429 1100 492 uentorum

130 507 233 572 flabra
259 510 507 592 praeuerterent.
552 511 661 572 tantus
689 509 761 574 illos
794 511 982 576 incenderat
1010 534 1100 576 amor

129 592 274 656 numinis
295 594 343 658 tui
366 595 415 675 ut,
445 592 589 676 quamuis
612 593 732 658 scirent
756 595 1008 680 oppugnandam
1030 617 1099 661 esse

129 676 381 774 munitissimam
401 677 573 760 ciuitatem,
597 677 743 742 sufficere
766 679 826 743 sibi
850 681 1016 766 crederent
1030 703 1125 764 per-5

128 782 251 826 uenrre.

193 845 282 910 XIX.
331 844 477 910 Massilia
506 846 607 929 enim,
639 851 675 912 ut
702 847 808 931 audio,
841 849 875 912 in
904 849 1100 935 profundum

128 952 217 994 mare
238 931 427 1016 prominens
455 934 488 995 et
509 931 724 996 munitissimo
753 933 899 998 accincta
924 937 1034 1019 portu,
1063 935 1098 1000 in

129 1037 225 1100 quern
240 1017 378 1100 angusto
400 1015 487 1080 aditu
501 1014 753 1082 mediterraneus
775 1017 882 1082 refluit
896 1019 996 1102 sium,
1021 1019 1098 1084 solis

127 1100 218 1165 mille
233 1101 418 1186 quingentis
437 1101 584 1185 passibus
598 1103 703 1167 terrae
724 1102 883 1186 cohaeret,
907 1125 970 1188 qua
984 1104 1097 1169 firmis·
1111 1128 1136 1167 10

128 1184 229 1250 simus
252 1194 285 1250 εὴ
302 1187 444 1251 turribus
463 1185 614 1270 frequens
635 1209 745 1252 murus
767 1188 948 1272 opponitur.
981 1189 1034 1273 qui
1057 1210 1097 1274 pe

128 1270 207 1334 olim
230 1269 369 1336 Graecos
391 1269 553 1354 Italosque
574 1270 651 1336 illuc
674 1293 851 1355 corrueras,
883 1293 954 1336 curn
976 1212 1098 1337 artibus

126 1356 261 1440 ingenio
283 1377 323 1420 ue
347 1356 516 1440 pollerent,
539 1355 636 1420 etiam
658 1358 728 1440 ipse
751 1356 859 1422 docuit
879 1356 967 1421 locus
990 1360 1098 1422 omnia

127 1459 209 1523 quae
234 1377 316 1506 bello
343 1441 415 1504 usui
436 1439 545 1504 forent
566 1439 686 1526 largius
714 1441 749 1504 in
772 1445 990 1524 campartem
1016 1463 1097 1526 quae

127 1524 209 1589 adiri
231 1527 340 1610 posset
360 1523 560 1610 impendere,
590 1546 662 1590 cum
683 1527 800 1591 natura
821 1526 856 1589 in
879 1527 991 1591 ceteris
1013 1547 1134 1591 sum-15

149 1612 220 1674 tum
242 1611 346 1694 operis
369 1610 553 1675 remisisset.
585 1609 692 1693 itaque
714 1609 802 1674 illam
824 1613 893 1674 tum
915 1612 1096 1696 grauitate

126 1631 396 1780 1llaesatri-portas
429 1716 488 1779 pro
515 1694 594 1759 duce
622 1695 747 1759 seniore
783 1694 983 1760 claudentem
1010 1697 1096 1760 terra

127 1779 274 1864 marique
296 1779 434 1845 admotis
457 1779 630 1862 machinis,
655 1779 826 1864 aggeribus
850 1781 1016 1862 extructis,
1040 1801 1095 1844 na-

126 1864 252 1930 ualibus
273 1864 405 1948 proeliis
433 1863 559 1948 saepius
587 1867 806 1949 oppugnatam
834 1885 929 1948 quam
951 1865 1095 1928 territam

126 1949 180 2013 uix
204 1949 345 2014 obsessio
369 1950 518 2015 diuturna
539 1949 703 2032 patefecit,
727 1970 799 2014 cum
820 1951 931 2013 tamen
946 1949 1095 2014 Graeculi
1108 1973 1133 2011 ιο

126 2033 336 2120 magistratus
366 2038 398 2099 et
425 2034 531 2118 ipsum
554 2033 725 2100 Caesarem
752 2036 785 2098 et
811 2055 884 2098 mox
906 2033 1001 2098 duces
1029 2033 1096 2098 eius

126 2123 158 2182 et
182 2119 291 2202 copias
313 2141 380 2184 nou
402 2122 468 2183 tam
491 2118 614 2184 uiribus
637 2119 702 2182 suis
725 2141 820 2202 quam
838 2119 1003 2184 moenibus
1025 2139 1095 2202 rep·

125 2203 295 2288 pulissent.
339 2207 373 2268 at
395 2205 481 2268 enim
502 2225 589 2268 nunc
611 2203 714 2287 primo
735 2206 805 2288 tue,
828 2205 1017 2288 imperator,
1041 2203 1094 2266 ad-

126 2291 227 2353 uentu
255 2289 423 2373 primoque
445 2289 567 2373 impetu
595 2288 752 2364 exercitus
774 2289 822 2352 tui
849 2287 932 2352 nihil
955 2287 1095 2352 eiusdem

127 2371 291 2437 Massiliae
314 2373 448 2438 altitudo
465 2393 637 2456 murorum,
658 2371 742 2435 nihil
757 2373 965 2437 creberrimae
979 2375 1093 2456 turres,
1107 2391 1133 2432 aa

126 2457 211 2522 nihil
232 2457 295 2522 loci
315 2461 432 2523 natura
459 2460 618 2522 remorata
645 2459 694 2521 est
715 2457 884 2541 quominus
912 2460 948 2520 et
966 2459 1095 2540 portum

128 2563 258 2627 caperes
281 2546 313 2607 et
333 2544 445 2608 urbem
468 2543 635 2622 continuo,
662 2541 690 2606 si
711 2541 819 2607 uelles.
865 2542 984 2627 quippe
1005 2543 1095 2606 tanta

126 2627 245 2693 fiducia
269 2649 395 2693 murum
422 2649 550 2692 omnem
578 2626 696 2696 milites
719 2626 904 2692 inuaserant
926 2630 962 2690 ut
984 2627 1095 2692 statim

128 2713 198 2777 sine
219 2711 315 2778 dubio
339 2713 501 2778 ascensuri
521 2712 672 2791 fuissent,
696 2712 760 2776 nisi
782 2712 817 2775 in
839 2710 993 2795 parandis
1016 2731 1094 2794 quas

128 2797 338 2862 admouerant
359 2797 454 2862 scalis
482 2797 696 2861 coniecturam
725 2795 887 2860 oculorum
914 2794 1094 2858 sublimitas
1107 2813 1132 2854 ao

127 2879 306 2946 fefellisset.
345 2883 400 2947 sed
423 2883 468 2946 sic
490 2901 615 2965 quoque
642 2880 735 2944 multi
757 2879 915 2944 scalarum
937 2879 1094 2942 breuitate

129 2965 263 3050 decepti,
286 2967 367 3050 quod
389 2969 552 3050 supererat
572 2965 726 3044 ascensui,
749 2965 887 3028 extentis
910 2963 1094 3046 corporibus
1170 2994 1175 3000 ·
1265 2975 1266 2978 ’

196 3191 210 3239 1
231 3187 382 3256 effusoque]
403 3189 488 3241 effuso
508 3193 561 3240 iam
578 3192 611 3239 W
635 3187 644 3253 u
675 3190 690 3238 3
708 3187 794 3236 flabra
812 3187 957 3238 Liuineius:
976 3187 1049 3236 flaua
1066 3188 1094 3234 Η

128 3257 239 3308 flamina
258 3273 275 3324 ς
292 3259 350 3309 edd.
367 3257 371 3322 Ι
386 3262 576 3323 peruerlerent
593 3258 613 3306 B
626 3258 648 3305 V
660 3254 698 3322 llo
716 3269 828 3320 pernen.
847 3256 870 3302 Δ
882 3255 915 3302 W
928 3255 1002 3304 Bert.
1021 3268 1047 3302 ιιι
1065 3268 1091 3303 r:

129 3339 240 3389 preucn.
258 3328 279 3375 B
298 3326 320 3373 V
336 3340 354 3375 u
384 3324 394 3390 ΙΙ
424 3328 439 3378 9
457 3325 666 3376 mediterraneus
684 3323 828 3373 Liuineius:
846 3321 1013 3372 meridianus
1032 3323 1059 3371 1
1086 3320 1094 3385 ,l

128 3393 161 3444 23
179 3409 252 3444 nunc
273 3394 410 3444 Gruterus:
429 3408 492 3442 num
504 3394 532 3441 1
546 3393 628 3454 Bert..
648 3394 697 3443 del.
716 3405 741 3440 w
753 3387 763 3455 ΙΙ
776 3392 809 3439 25
828 3389 1008 3440 creberrimae
1027 3391 1050 3437 Δ
1061 3390 1094 3438 W

128 3459 216 3512 Bora:
236 3461 431 3524 celeberrimae
448 3461 468 3510 B
487 3462 504 3508 0
522 3461 543 3508 V
564 3459 575 3525 ΙΙ
594 3463 626 3512 27
644 3459 731 3510 uelles
749 3459 877 3523 Laupius:
895 3458 966 3509 uelis
985 3461 1012 3507 Η
1029 3456 1039 3522 l
1060 3459 1093 3506 98

128 3526 289 3581 inuaserant
307 3531 324 3578 0
348 3526 358 3593 ΙΙ
382 3530 413 3580 31
433 3528 477 3578 sal
496 3527 585 3578 Bere:
605 3542 650 3579 om.
668 3527 695 3575 Ι
719 3525 728 3594 ΙΙ
753 3529 784 3578 32
803 3527 947 3591 extemptis
965 3528 988 3574 Δ
