2582 3992
319 221 826 274 cauaraa.urx1u1ru1.5-r.
886 209 888 216 ’
998 219 1057 284 107

83 371 220 433 fortuna
243 371 338 453 atque
359 371 370 433 i
394 390 429 434 so
453 374 502 434 est
522 371 626 434 maior
644 370 787 454 imperio.
815 370 908 436 uobis
924 369 1057 435 Rhenus

85 457 122 518 et
143 452 257 518 Hister
284 457 317 518 et
344 393 439 519 ldilus
468 458 499 518 et
528 475 600 518 cnm
632 455 762 540 gemino
789 453 895 540 Tigris
924 453 1058 519 Eufrate

87 541 122 602 et
149 541 284 602 uterne
309 560 372 622 qua
399 539 483 603 diem
511 538 630 622 accipit
657 542 689 603 et
713 539 819 604 reddit
847 560 985 604 oceanus
1014 542 1057 621 et,

86 559 254 706 quicquid,
267 625 317 686 est
342 623 428 687 inter
450 624 512 687 ista
535 627 694 695 terrarum¹
719 627 751 688 et
773 623 941 689 fluminum
969 626 1002 687 et
1023 623 1059 687 li·

87 714 212 789 torum,
255 709 323 770 tam
357 706 445 772 facili
482 710 558 772 sunt
593 709 841 791 aequanimitate
877 707 1084 772 communias

87 811 186 874 quam
223 790 285 855 sibi
322 791 464 875 gaudent
499 813 568 856 asse
607 813 806 857 communem
843 791 925 857 oculi
963 791 1057 856 diem.

88 877 136 938 ita
164 875 307 959 duplices
335 877 427 940 uobis
461 875 588 942 diuinae
615 878 779 960 potentiae
805 877 928 942 fructus
955 876 1058 959 pietas

88 961 204 1057 uestra·
220 960 373 1044 largitur:
411 964 444 1024 et
465 982 521 1025 suo
549 965 682 1045 uterque
702 961 820 1026 fruitur
848 964 881 1026 et
902 960 1058 1025 consortis

87 1065 233 1224 lmlllrlll..
273 1127 396 1226 Laurea
422 1129 479 1193 illa
508 1129 546 1194 de
571 1130 666 1194 uictis
693 1129 910 1194 accolentibus
932 1127 1097 1226 syriane

88 1212 274 1280 natronrbns
312 1216 344 1277 et
381 1214 437 1278 1lla
469 1213 602 1278 Raetica
641 1218 674 1279 et
711 1215 768 1278 issa
803 1213 980 1279 Sarmatica
1015 1217 1058 1295 te,

90 1295 298 1380 Maximiano,
313 1297 461 1363 fecerunt
475 1299 528 1382 pio
543 1299 659 1384 gaudio
673 1299 857 1382 tripudiare.
885 1297 1058 1381 itidemque

88 1380 143 1444 hic
169 1403 249 1465 gens
272 1380 472 1447 Chaibonum
493 1382 748 1466 Herulorumque
773 1381 877 1447 deleta
902 1385 936 1446 et
956 1384 1058 1444 trans-

88 1464 235 1530 rhenana
263 1466 398 1531 uictoria
427 1470 460 1531 et
481 1467 610 1532 domitis
638 1465 947 1550 oppressairancis
973 1465 1058 1528 bella

89 1550 227 1632 piratica
255 1549 511 1632 Diocletianum,
527 1555 678 1616 uotorum
707 1554 886 1634 compotem
915 1549 1096 1614 reddide-15

89 1638 177 1698 runt.
229 1635 369 1700 diuidere
399 1637 484 1700 inter
509 1656 567 1700 uos
594 1636 625 1699 di
653 1635 850 1699 immortales
879 1655 936 1698 sua
963 1634 1058 1697 bene-

89 1718 165 1782 ficia
202 1741 269 1783 non
301 1725 453 1802 possunt:
501 1719 650 1805 quicquid
684 1719 829 1784 alterutri
865 1719 1056 1803 praestatur,

90 1803 259 1868 amborum
282 1808 340 1868 est.
384 1805 646 1888 obstupescerent
668 1807 753 1868 certe
782 1824 891 1867 omnes
914 1802 1058 1866 homines

91 1887 303 1953 admiratione
318 1889 427 1972 uestri,
450 1889 546 1954 etiam
569 1889 596 1953 si
618 1909 676 1953 uos
698 1889 782 1952 idem
795 1909 912 1971 parens
935 1883 1058 1950 eadem·

90 1995 152 2056 que
175 1975 276 2038 mater
298 1975 338 2037 ad
361 1975 455 2039 istam
479 1973 680 2038 concordiam
703 1975 838 2037 naturae
854 1971 978 2056 legibus
1001 1971 1057 2034 im·
1072 1985 1097 2026 20

89 2058 248 2123 buissent.
293 2059 438 2123 atenim
465 2062 582 2143 quanto
604 2057 665 2123 hoc
693 2061 742 2122 est
764 2055 979 2121 admirabilius
1006 2056 1059 2118 uel

89 2141 234 2226 pulcrius
261 2143 346 2227 quod
367 2165 424 2208 uos
448 2147 563 2225 castra,
591 2143 675 2227 quod
695 2142 831 2228 proelia,
860 2141 944 2225 quod
966 2159 1059 2224 pares

90 2228 245 2292 uictoriae
266 2229 371 2293 fecere
392 2229 531 2292 fratres?
575 2228 651 2293 dum
677 2227 848 2292 uirtutibus
875 2226 991 2290 uestris
1013 2225 1058 2288 fa-

90 2312 191 2395 uetis,
214 2312 290 2376 dum
312 2312 527 2397 pulcherrima
548 2313 685 2376 inuicem
706 2313 794 2376 facta
812 2310 961 2394 laudatis,
984 2310 1058 2374 dum

90 2396 132 2460 ad
154 2417 314 2462 summum
341 2398 488 2462 fortunae
509 2397 675 2480 fastigium
700 2397 771 2479 pari
792 2395 894 2479 gradu
915 2393 1059 2475 tenditis,
1073 2405 1098 2446 2⁵

90 2479 254 2544 diuersum
276 2483 466 2567 sanguinem
493 2481 658 2546 affectibus
675 2479 863 2571 miscuistis.
907 2500 976 2543 ncn
996 2477 1059 2541 ior-

90 2565 177 2628 tuita
205 2566 241 2628 in
266 2567 357 2631 uobis
386 2570 436 2632 est
455 2567 677 2651 germanitatis
704 2585 803 2649 usque
829 2565 869 2628 ad
892 2561 1060 2647 imperium

162 2809 178 2857 3
201 2821 254 2870 qua
272 2806 344 2858 diem
366 2807 608 2872 scripsit.qnalem
626 2808 654 2854 lt
676 2822 731 2871 qua
752 2805 836 2856 solem
856 2805 984 2854 Puteanus
1006 2816 1060 2865 qua

91 2873 183 2924 lucem
198 2873 321 2925 anterus
336 2873 341 2939 1
357 2876 467 2940 accepit
478 2877 505 2922 tt
517 2872 527 2939 11
539 2877 556 2924 4
567 2873 678 2923 litorum
688 2873 779 2937 Uespa
797 2877 917 2922 retcrum
928 2871 956 2917 li
972 2872 1061 2920 tecto·

91 2957 152 2990 rum
170 2954 195 2989 w
219 2939 229 3007 1
259 2945 274 2992 6
293 2958 374 3007 qnam
392 2956 430 2991 w:
455 2956 616 3007 quamquam
633 2943 656 2990 A
673 2945 806 3005 quantum
824 2941 844 2988 B
863 2941 880 2987 11
899 2939 921 2986 V
944 2933 954 3001 11
980 2938 1010 2985 10
1027 2933 1061 2983 de

92 3010 177 3058 uictis
193 3011 302 3074 scripsi:
326 3010 443 3060 deuictis
460 3011 488 3057 li
506 3012 579 3074 culpo
609 3009 613 3073 1
644 3009 745 3074 syriam
764 3009 810 3058 W:
834 3006 908 3070 syria
925 3006 949 3053 A
965 3004 986 3051 B
1004 3003 1021 3052 (1
1040 3002 1062 3049 V

95 3073 109 3142 11
143 3079 175 3126 12
199 3078 353 3142 tripudiare
375 3079 483 3142 scripsi:
511 3077 679 3142 triumphare
699 3079 727 3125 li
757 3075 767 3140 11
799 3078 829 3126 13
851 3070 907 3138 hic]
929 3070 982 3122 hec
1000 3084 1025 3118 w
1056 3067 1059 3127 1

93 3159 250 3208 caynonnm
267 3147 290 3194 A
312 3145 492 3196 cauicnumd
514 3145 658 3196 caiuonum
681 3145 701 3194 B
720 3145 742 3192 V
759 3143 834 3196 Bert.
857 3141 1010 3204 caybonum
1028 3139 1061 3185 W

95 3209 99 3276 1
131 3212 335 3264 transrhenana
357 3215 380 3262 A
403 3213 610 3264 transrhenaria
632 3213 653 3260 B
671 3214 689 3261 c
707 3213 729 3260 V
751 3215 828 3260 trans
850 3209 964 3258 rhenum
982 3207 1016 3253 W
1056 3203 1059 3270 1

94 3281 128 3328 11
145 3279 256 3330 domitis
273 3294 310 3330 vr:
329 3279 450 3332 domitiis
468 3285 509 3330 uel
526 3281 650 3330 domiciis
668 3281 710 3328 Μ’
725 3277 734 3343 11
764 3281 795 3327 21
817 3281 860 3328 est
876 3293 924 3328 om.
943 3275 1017 3325 Bert.
1056 3271 1059 3337 Ι

95 3350 127 3398 27
155 3348 345 3411 germanitatis
372 3350 441 3398 GV:
473 3350 639 3413 germanitas
662 3350 685 3396 A
703 3347 723 3394 B
741 3347 774 3393 W
802 3345 985 3410 germanitas,
1013 3341 1061 3392 sed

94 3414 195 3466 electa.
226 3419 321 3466 notum
340 3422 395 3479 est,
419 3431 504 3481 saepe
524 3417 626 3466 eisdem
644 3415 805 3480 parentibus
824 3417 906 3463 nates
925 3425 987 3462 ease
1006 3409 1062 3458 dis-

95 3483 212 3534 similes:
239 3485 410 3536 certissimae
428 3485 611 3534 fraternitatis
634 3488 677 3533 eat
698 3496 786 3546 usque
809 3479 843 3532 ad
861 3479 1004 3545 imperium
1027 3476 1062 3526 si·

95 3551 219 3603 mititudo
238 3553 314 3617 θυεμ.
