2578 4000
154 199 215 264 150
472 203 518 256 VI.
548 204 588 255 IN
592 201 701 254 CERTI
718 204 798 254 PAN.

152 351 288 416 caelibes
316 354 526 436 notauerunt,
555 356 704 436 parentes
732 353 882 436 praemiis
911 353 1121 436 honorarunt,

151 457 226 500 uere
253 435 403 501 dicuntur
436 458 504 502 esse
532 435 742 502 fundamenta
771 437 818 501 rei
845 438 1006 522 publicae,
1044 440 1121 522 quia

152 521 358 586 seminarium
384 522 561 586 iuuentutis
590 525 622 586 et
649 523 738 604 quasi
760 521 884 586 fontem
908 523 1041 587 humani
1070 545 1123 588 ro·

151 605 237 670 boris
252 627 378 690 semper
392 605 548 670 Romanis
563 607 755 671 exercitibus
770 607 1013 674 ministrarunt:
1035 609 1122 692 quod

125 689 226 756 ahuio
239 693 347 756 uestro
361 691 397 755 in
411 713 478 755 rem
493 691 656 775 publicam
672 693 786 756 merito
801 713 968 774 possumus
985 691 1121 790 dignum

150 796 270 840 nomen
305 776 486 840 ascribere?
530 777 585 859 qui
617 797 683 840 non
712 797 772 858 per
797 776 924 860 plebeia
959 798 1119 862 germina,
1218 800 1222 808 ¹

145 859 206 943 ped
228 861 434 944 imperatoria
456 860 589 945 stirpem
611 862 659 925 rei
680 861 825 944 publicae
848 862 1045 946 propagatis,
1073 864 1120 946 ut,

116 944 235 1030 quod
258 945 427 1009 millesimo
450 966 534 1009 anno
556 949 630 1029 post
651 947 762 1009 urbem
787 947 948 1010 conditam
974 947 1120 1012 euenisse

150 1027 281 1092 tandem
309 1029 566 1114 gratulabamur,
596 1051 638 1094 ne
666 1031 838 1094 mutatoria
865 1051 923 1114 per
950 1052 1051 1095 nouas
1073 1031 1121 1095 fa·

112 1129 138 1169 10
151 1113 257 1177 milias
281 1115 457 1178 communis
480 1114 591 1180 salutis
614 1115 833 1198 gubernacula
851 1115 1063 1199 traderentur,
1087 1115 1121 1180 id

150 1198 225 1262 exin
252 1197 399 1263 omnibus
430 1199 522 1263 duret
548 1197 722 1281 aetatibus,
756 1201 965 1283 imperatores
994 1221 1121 1284 semper

150 1282 304 1348 Herculii.
956 1324 959 1329 ,

213 1366 273 1433 ΙΙΙ.
322 1366 500 1444 Quemnam
531 1369 630 1454 igitur
661 1369 826 1452 utriusque
858 1372 1001 1433 uestrum
1029 1391 1121 1452 prae-

151 1452 235 1516 conii
258 1475 295 1517 ao
317 1453 533 1518 uenerationis
555 1453 700 1518 ordinem
722 1451 863 1517 faciam?
905 1453 1009 1518 adhue
1033 1454 1120 1518 enim

111 1551 136 1591 1⁵
150 1536 189 1602 de
211 1538 376 1602 amborum
404 1538 439 1602 in
460 1537 545 1602 hano
571 1537 841 1603 necessitudinem
869 1538 1119 1622 congruentibus

150 1622 236 1686 uotis
260 1623 471 1687 communiter
492 1623 567 1687 dixi.
611 1626 644 1686 et
665 1626 698 1686 te
721 1622 847 1706 quidem
871 1623 975 1687 sentio
981 1673 990 1706 ,
1014 1623 1120 1686 senior

149 1711 312 1792 Auguste,
335 1708 500 1772 maiestate
523 1707 726 1792 praeoedere,
751 1711 782 1771 tc
804 1708 909 1790 sequi,
932 1707 1040 1771 iunior
1061 1708 1120 1770 im·

149 1795 286 1876 perator.
324 1792 380 1856 sed
402 1793 546 1876 profecto
569 1792 652 1857 sicut
674 1795 739 1872 tuo,
764 1791 986 1875 Constantine,
1010 1811 1120 1856 socero

150 1879 225 1940 ante
247 1881 296 1941 cst
318 1877 488 1942 conciliata
504 1877 656 1942 diuinitas
679 1877 838 1961 quamuab
856 1897 893 1940 eo
915 1880 1034 1960 pignus
1057 1877 1120 1959 ipsi

111 1975 137 2016 ²0
151 1961 350 2026 carissimum
372 1961 561 2045 postulares,
586 1961 632 2026 ita
653 1983 740 2026 nune
762 1982 886 2045 quoque
908 1963 943 2024 in
965 1961 1025 2026 hac
1048 1981 1120 2045 gra-

149 2046 305 2110 tulatione
339 2047 427 2129 prius
455 2044 511 2110 illa
544 2045 678 2110 dicenda
707 2051 783 2110 sunt
814 2067 894 2130 quae
922 2045 956 2109 in
984 2049 1017 2109 tc
1046 2065 1120 2110 oon·

150 2131 293 2194 siderans
315 2132 424 2193 tantus
447 2130 508 2194 iste
531 2133 563 2193 et
584 2130 709 2212 paterni
735 2133 767 2194 et
787 2131 836 2194 tui
858 2133 971 2194 auctor
992 2130 1120 2213 imperii

150 2215 288 2278 laetatus
316 2216 366 2276 est
393 2213 476 2296 quod
504 2214 626 2297 petisti.
672 2235 690 2278 o
713 2213 859 2278 diuinum
880 2218 987 2298 tuum,
1017 2213 1120 2278 Maxi·

150 2299 271 2381 miane,
300 2297 470 2380 iudicium,
499 2299 553 2382 qui
576 2299 663 2364 huuc
684 2299 745 2363 tibi
767 2299 835 2363 iure
861 2299 1043 2383 adoptionis
1065 2319 1120 2363 ne-

112 2396 137 2436 25
151 2386 274 2467 potem,
296 2383 474 2448 maiestatis
497 2384 610 2448 ordine
630 2383 732 2448 tilium
755 2383 852 2448 etiam
874 2405 1029 2469 generum
1052 2404 1121 2448 esse

150 2469 296 2532 uoluisti!
342 2467 423 2551 diui,
447 2469 593 2552 inquam,
618 2467 802 2534 Constantii
823 2468 941 2550 filium,
969 2469 1004 2532 in
1027 2489 1121 2553 quem

152 2574 185 2616 se
207 2553 311 2636 prima
332 2551 418 2616 illius
441 2554 572 2618 iuuenta
594 2553 778 2634 transfudit,
804 2553 840 2616 in
862 2553 951 2617 cuius
974 2573 1028 2617 ore
1052 2573 1120 2617 cae·

151 2637 247 2701 lestes
275 2636 362 2700 illius
388 2637 497 2702 uultus
528 2643 645 2702 natura
677 2637 834 2722 signauit,
870 2638 925 2722 qui
956 2640 1121 2720 aspectum

152 2721 238 2786 illius
261 2722 300 2786 ad
324 2720 458 2787 deorum
481 2724 617 2788 concilia
638 2721 785 2787 translati
813 2721 915 2788 adhuc
939 2721 1120 2787 desideran-

114 2824 139 2863 ³0
152 2807 238 2872 tibus
260 2807 354 2872 nobis
376 2807 497 2874 sufficit
518 2830 576 2892 pro
600 2808 731 2872 duobus.
775 2828 880 2891 neque
908 2807 995 2871 enim
1016 2807 1121 2871 forma

220 3001 235 3048 3
254 2997 361 3048 roboris
376 2997 513 3048 Gruterus:
532 2999 654 3062 corporis
671 2995 749 3062 1115
768 3011 867 3046 nomen
884 2995 996 3061 dignum
1013 2993 1086 3062 11116
1103 3010 1122 3060 p

153 3065 258 3115 addidi:
277 3081 323 3115 om.
335 3067 362 3113 11
377 3063 381 3127 1
398 3065 503 3129 plebeio
523 3069 643 3131 germine
657 3067 791 3116 Acidaliae
803 3061 841 3130 11
859 3064 1039 3130 imperatoria
1058 3064 1123 3114 stir-

152 3147 215 3198 pem
233 3133 342 3195 rcrr'pri:
365 3133 547 3196 imperatoris
565 3133 650 3197 stirpe
667 3134 694 3180 11
712 3132 918 3196 imperatoriam
937 3131 1052 3196 stirpem
1071 3145 1096 3180 w
1115 3129 1120 3198 1

153 3214 237 3263 remp.
248 3200 307 3252 edd.
320 3195 330 3263 11
343 3201 376 3250 10
387 3199 416 3248 id
427 3203 490 3250 exin
501 3198 552 3266 (uel
561 3199 635 3263 dein)
645 3201 753 3264 scripsi:
766 3197 794 3247 id
803 3214 836 3248 ex
845 3199 953 3249 IBert.
967 3198 995 3248 id
1008 3203 1053 3249 est
1064 3200 1122 3250 edd.

152 3267 244 3324 idest,
264 3282 298 3317 ex
310 3266 362 3316 hoc
375 3267 506 3318 Liuineius
523 3268 596 3319 idem
610 3268 733 3318 Gruterus
746 3264 755 3332 11
770 3267 800 3316 12
813 3266 939 3317 Herculii
950 3268 996 3314 W:
1016 3266 1123 3318 herculi

153 3335 176 3382 A
188 3334 208 3381 B
221 3334 242 3381 V
260 3333 383 3386 herculei
401 3337 418 3383 0
434 3333 444 3399 11
468 3338 499 3386 13
519 3331 674 3468 (1ιιοιηιιαω1
695 3337 812 3398 quemnb
830 3333 853 3383 A
871 3349 950 3399 quem
971 3333 1044 3384 Bert.
1061 3331 1070 3400 1
1091 3335 1122 3384 16

154 3401 229 3452 notis
246 3402 365 3452 iuretur:
383 3403 509 3453 uobis‘li
537 3401 542 3467 1
573 3405 604 3454 19
623 3409 687 3452 ante
706 3408 733 3452 te
752 3417 775 3456 o.
795 3403 895 3453 ciuitas
914 3402 989 3453 Bert.
1013 3400 1018 3466 1
1041 3417 1124 3466 quum

153 3469 299 3520 Puteanus:
315 3485 379 3519 cum
397 3472 425 3518 11
454 3469 464 3534 11
494 3472 527 3520 20
545 3470 699 3535 postulares
717 3469 755 3520 ita
773 3471 804 3518 σε
825 3469 964 3534 postulare
984 3469 1023 3519 sit
1042 3485 1079 3520 an
1096 3471 1124 3518 11

153 3536 303 3601 postulasti
320 3539 362 3587 ita
379 3551 404 3586 w
426 3535 436 3601 11
458 3538 490 3586 26
508 3536 566 3586 diui
582 3538 668 3586 BGV
679 3551 718 3588 vr:
738 3537 825 3588 diuini
842 3540 865 3586 A
880 3535 884 3603 1
901 3536 1048 3588 Constanti
1066 3539 1089 3586 A
