2586 3996
284 199 501 252 GRATIARUM
518 199 629 251 ACTIO
646 196 811 250 IULIANO.
834 199 944 248 ezr-26.
1035 193 1100 258 265

131 351 181 416 bis
203 351 342 436 optimus
357 350 490 435 quisque
513 349 702 434 abigebatur
715 345 838 431 procul,
861 367 933 411 oum
951 350 1100 428 suspecta

131 441 218 501 esset
238 435 381 520 probitas
403 438 436 499 et
457 434 563 498 inuisa
588 436 621 498 et
641 434 761 516 quanto
783 432 916 516 quisque
937 430 1102 496 honestior

130 523 223 585 tanto
243 519 458 603 importunior
478 518 622 602 turpium
649 516 769 582 arbiter
790 515 954 581 uitarctur.
999 519 1033 581 at
1053 521 1098 600 tu,

130 606 289 690 Auguste,
312 605 461 669 omnibus
482 603 578 688 nugis
600 602 732 667 remotis
754 601 912 685 optimum
933 604 967 666 et
983 601 1098 666 doctis-

131 692 245 754 simum
260 711 416 775 quemque
431 689 600 772 perquiris.
627 688 655 752 si
675 686 745 771 quis
761 689 905 770 praestat
925 686 1098 751 uirtutibus
1111 703 1125 744 s

129 775 253 840 bellicis
276 778 308 839 et
329 774 423 838 laude
444 773 596 855 militiae,
619 773 654 836 in
676 771 788 836 amicis
810 770 961 857 babetur;
989 772 1044 855 qui
1064 770 1099 835 in

130 861 269 924 oratoria
295 859 465 942 facultate,
499 858 552 940 qui
580 859 614 922 in
642 857 779 922 scientia
806 857 885 921 iuris
918 854 1021 921 ciuilis
1048 877 1100 921 ex·

130 944 236 1027 cellit,
264 944 349 1009 ultro
378 944 418 1008 ad
439 943 695 1028 familiaritatem
720 945 863 1006 uocatur.
907 940 1099 1025 quicumque

129 1029 164 1093 in
190 1030 467 1094 administratione
494 1027 711 1113 reipublicae
737 1027 943 1092 innocentem
971 1048 1005 1090 se
1032 1047 1099 1090 um-

130 1135 227 1198 quam
250 1117 282 1179 et
297 1117 463 1179 strenuum
477 1113 636 1198 praebuit,
658 1113 695 1176 in
714 1111 910 1176 consortium
930 1131 1138 1176 numerumn

128 1203 319 1283 receptatur.
356 1199 506 1283 regendis
527 1197 703 1282 prouinciis
725 1217 792 1261 non
812 1196 1098 1261 familiarissimum

128 1305 303 1369 quemque,
335 1283 390 1347 sed
417 1283 718 1347 innocentissimum
743 1280 837 1364 legis.
881 1301 993 1345 omnes
1021 1302 1039 1344 a
1065 1284 1099 1344 te

129 1370 290 1453 augentur
316 1368 466 1450 pecunia,
494 1367 731 1449 locupletantur
758 1364 895 1448 diuitiis,
923 1364 1099 1430 honoribus

128 1451 353 1517 honestantur.

192 1535 312 1601 XXVI.
345 1535 479 1601 Prorsus
502 1533 661 1598 amicitias
682 1534 781 1598 tueris
803 1533 922 1618 priuati
944 1534 1017 1617 fide,
1041 1531 1098 1598 im·
1112 1551 1138 1594 re

127 1621 285 1706 peratoris
319 1620 493 1705 opulentia.
544 1641 625 1702 quae
655 1622 828 1702 perpetuae
861 1622 895 1684 et
922 1620 1099 1684 constantis

126 1706 366 1771 beniuolentiae
388 1705 492 1789 prima
514 1703 630 1768 fiducia
652 1706 725 1786 est,
745 1704 922 1769 certissima
942 1706 1099 1769 uirtutum

128 1795 161 1856 et
186 1792 326 1854 maxima
352 1789 522 1874 principis,
557 1789 693 1872 ueritas,
727 1810 902 1873 numquam
930 1789 965 1854 in
993 1787 1100 1854 animo

128 1897 198 1940 esse
226 1877 422 1959 suspicacem
449 1879 480 1939 te
508 1874 625 1938 audiui.
674 1894 769 1938 nemo
796 1873 953 1939 simulatis
976 1873 1099 1938 blandi-

128 1960 194 2043 tiis,
218 1981 314 2026 nemo
335 1960 417 2026 falsa
432 1959 663 2043 pollicitatione
687 1959 836 2042 deceptus
859 1962 919 2024 est.
951 1959 1022 2043 quie
1044 1980 1098 2022 ne·
1111 1977 1137 2017 ao

127 2047 190 2110 scit
218 2045 353 2110 aliorum
375 2048 607 2144 imperatorum
627 2044 763 2108 hilarem
785 2043 946 2108 diritatem
970 2043 1099 2108 cachin-

12 2124 17 2141 '
127 2133 325 2215 nantemque
347 2129 543 2196 saeuitiam?
580 2151 599 2195 a
620 2129 735 2214 quibus
756 2128 904 2214 ingenita
927 2127 1098 2194 crudelitas

127 2214 284 2300 figmento
313 2215 455 2281 laetitiae
483 2215 661 2299 tegebatur.
705 2214 788 2282 mira
815 2218 865 2279 est
891 2214 927 2278 in
951 2213 1098 2298 principe

127 2301 240 2364 nostro
262 2300 380 2364 mentis
401 2300 595 2383 linguaeque
618 2298 797 2363 concordia.
835 2321 903 2364 non
923 2299 1018 2363 modo
1040 2297 1098 2362 hu-

127 2383 214 2448 milis
243 2386 276 2447 et
301 2384 395 2468 parui
422 2383 538 2467 animi,
572 2383 628 2447 sed
656 2383 772 2447 seruile
797 2383 912 2447 uitium
940 2383 1002 2446 scit
1028 2404 1097 2447 esse
1111 2401 1137 2442 rs

128 2468 342 2533 mendacium.
388 2479 420 2534 et
447 2489 538 2551 uere,
573 2489 647 2532 oum
672 2467 843 2532 mendaces
870 2467 1017 2532 homines
1044 2469 1099 2531 aut

127 2553 238 2637 inopia
260 2556 316 2617 aut
329 2553 428 2618 timor
442 2553 551 2636 faciat,
573 2553 830 2638 magnitudinem
852 2552 1001 2618 fortunae
1023 2574 1098 2617 suae

127 2639 303 2722 imperator
326 2639 381 2723 qui
401 2639 556 2703 mentitur
574 2639 712 2722 ignorat.
740 2638 821 2722 quis,
844 2659 982 2721 orouos,
1005 2638 1098 2722 plura

127 2722 278 2805 praebuit
291 2723 364 2788 fidei
381 2723 644 2805 constantiaeque
660 2722 872 2786 documenta?
894 2743 1004 2786 omnes
1019 2742 1098 2805 quos

127 2806 274 2889 priuatus
302 2807 337 2870 in
358 2807 612 2871 familiaritatem
640 2827 710 2870 rece
733 2807 760 2869 it
787 2804 898 2870 eodem
920 2805 1020 2870 habet
1041 2805 1137 2868 im-ao
1181 2813 1183 2820 “

126 2893 258 2974 perator
280 2889 407 2955 affectu.
435 2912 530 2956 nemo
544 2889 647 2975 gradu
662 2829 782 2973 puiius,
804 2910 900 2954 nemo
924 2889 1011 2955 aditu
1026 2910 1098 2974 pro·

127 2975 259 3058 hibitus,
277 2974 359 3039 nulli
374 2975 485 3059 palatii
500 2975 585 3039 fores
602 2973 729 3039 clausae
745 2977 829 3056 eunt.
859 2971 982 3061 [omnes
997 2973 1098 3039 bonos

198 3133 229 3181 10
247 3145 386 3181 numerum
403 3144 418 3178 r
435 3145 465 3180 n:
484 3145 624 3182 munerum
641 3132 668 3178 Μ
689 3128 699 3196 [Ι
721 3133 752 3182 12
772 3145 882 3194 omnes3
903 3131 984 3180 malim
1001 3134 1042 3182 uel
1057 3131 1100 3180 in-

72 3245 76 3266 ,
127 3204 224 3248 sontes
241 3201 283 3248 uel
300 3199 415 3249 comites
436 3196 447 3264 ΙΙ
470 3201 502 3250 18
519 3200 640 3249 maxima
657 3199 765 3263 scripsi:
784 3199 895 3249 maximi
911 3199 1032 3263 ABert.,
1050 3215 1096 3252 om.

126 3267 147 3315 B
165 3266 184 3312 0
201 3267 224 3313 V
240 3269 281 3317 W.
305 3283 339 3317 on
356 3267 472 3317 maxime
489 3267 520 3317 in
538 3268 625 3332 princi
645 3283 674 3330 e,
693 3267 856 3318 sinceritas?
883 3265 888 3333 Ι
909 3281 1027 3333 numque
1046 3268 1068 3316 V
1091 3265 1095 3333 Ι

126 3335 231 3396 animm
248 3336 331 3385 maliis
347 3335 440 3402 aliquo
458 3339 499 3386 uel
515 3337 606 3385 amieo
627 3284 644 3400 i
666 3337 699 3387 19
717 3335 861 3400 suspicaci
878 3341 907 3387 te
925 3337 1034 3402 scripsi:
1052 3350 1098 3385 an·

126 3402 248 3466 spicaret
264 3403 288 3451 Δ
305 3403 475 3468 suspicatum
493 3404 514 3451 B
532 3406 550 3452 0
568 3404 591 3452 V
607 3406 641 3452 W
655 3401 660 3468 Ι
676 3403 833 3454 simulantis
851 3405 869 3451 0
890 3401 900 3469 Ι]
923 3405 957 3457 20
975 3404 1022 3471 qui
1039 3403 1098 3452 Δο

126 3466 135 3534 ΙΙ
164 3471 196 3520 21
220 3470 375 3520 cachinant.
393 3472 417 3520 Δ
433 3472 457 3519 V
473 3472 505 3520 W
534 3469 545 3536 ll
576 3474 607 3523 31
631 3467 721 3538 aditu]
745 3471 842 3522 habitu
863 3473 879 3521 0
909 3469 919 3538 ll
950 3474 982 3522 30
1006 3483 1097 3521 omnes

126 3539 213 3588 bonos
232 3539 318 3589 habet
334 3542 428 3590 acciscat
