2582 3992
435 189 593 242 ruemuo
611 191 645 242 u.
670 192 794 243 ea-ee..
1048 193 1091 257 63

123 343 303 420 temporum
320 341 506 402 constanter
521 341 658 420 utamur,
677 361 755 423 quos
769 342 916 406 meminit
931 343 990 407 sub
1004 343 1088 407 malo
1175 395 1176 398 ι

121 422 268 506 principe
291 422 385 486 aliter
405 423 532 487 uixisse.
559 444 746 507 nuncupare
764 430 842 489 uota
865 431 899 490 et
912 449 973 511 pro
988 431 1099 495 aeter.

122 507 224 570 nitate
252 507 379 590 imperii
407 511 439 571 et
464 529 523 591 pro
546 507 651 572 salute
678 509 878 593 principum,
906 511 1003 576 immo
1024 533 1088 595 pro

122 591 223 655 salute
243 591 426 676 principum
447 613 486 656 ac
500 595 630 676 propter
648 592 722 656 illos
744 615 802 676 pro
823 596 1012 659 aeternitate
1028 599 1088 659 im-

121 676 201 760 pen'i
223 676 412 740 solebamus
440 676 520 741 haec
534 697 594 760 pro
613 677 806 761 imperatore
826 683 936 744 nostro
958 680 994 744 in
1008 698 1116 767 quaes

121 761 187 824 sint
207 761 309 824 uerba
330 765 478 844 suscepte
500 783 615 844 operae
632 763 771 845 pretium
794 767 843 828 est
857 764 1025 830 adnotare:
1049 766 1088 829 ‘si

121 845 202 909 bene
232 865 301 910 rem
327 846 490 929 publicam
525 848 556 910 et
588 867 627 910 ex
658 847 797 910 utilitate
833 849 978 913 omnium
1008 849 1036 928 *¹
1051 849 1085 888 ‘¹⁸’

121 930 221 1015 digna
241 934 422 1013 uotaquae
445 952 569 1015 semper
584 931 801 1016 suscipiantur
822 954 1009 1017 semperque
1027 934 1087 998 sol-

120 1017 246 1079 uantur.
280 1015 364 1099 egit
387 1036 459 1080 cum
481 1014 529 1080 dis
552 1015 622 1099 ipso
644 1020 680 1080 te
701 1019 846 1100 auctore,
875 1017 1006 1101 Caesar,
1036 1037 1087 1082 res

119 1098 248 1182 publiea
270 1101 310 1163 ut.
325 1102 358 1163 te
381 1101 532 1183 sospitem
553 1101 807 1184 incolumemque
824 1105 1035 1187 praestarent,
1060 1102 1127 1166 sia

119 1191 154 1246 tu
178 1187 302 1248 ceteros
323 1185 555 1269 praestitissem
581 1186 609 1248 si
631 1189 752 1270 eontra,
775 1186 823 1250 illi
846 1208 971 1270 quoque
993 1209 1013 1250 a
1035 1208 1086 1251 cu-

120 1268 225 1332 stodia
252 1269 301 1332 tui
324 1269 438 1352 capitis
461 1270 569 1334 oeulos
592 1269 793 1335 dimouerent
813 1273 907 1354 teque
929 1272 1087 1355 relinque-

119 1357 192 1417 rent
219 1352 305 1417 uotis
337 1375 419 1436 quae
445 1375 510 1418 non
536 1354 644 1437 palam
672 1355 919 1438 susciperentur.
969 1354 1024 1419 elii
1053 1375 1087 1420 se

121 1438 308 1521 superstites
334 1438 382 1501 rei
401 1439 550 1521 publicae
573 1440 730 1522 optabant
750 1439 993 1524 faciebantque:
1025 1439 1086 1503 tibi

120 1523 206 1586 salus
233 1524 290 1586 tua
315 1521 422 1586 inuisa
448 1526 511 1603 est,
546 1523 574 1587 si
601 1545 668 1587 non
695 1525 738 1588 sit
765 1545 837 1588 cum
863 1525 909 1588 rei
937 1524 1086 1606 publicae
1100 1541 1125 1582 15

119 1606 220 1671 salute
250 1606 430 1670 coniuncta.
475 1606 557 1670 nihil
585 1629 643 1690 pro
670 1611 703 1672 te
727 1608 847 1690 pateris
876 1609 994 1691 optari,
1022 1609 1086 1672 nisi
1133 1645 1137 1653 ·

120 1691 269 1775 expediat
291 1692 487 1776 optantibus,
512 1692 721 1774 omnibusque
744 1692 839 1756 annis
861 1693 896 1754 in
918 1693 1087 1756 consilium

120 1777 156 1840 de
178 1778 212 1840 te
232 1776 307 1839 deos
329 1775 430 1840 mittis
444 1776 616 1860 exigisque
638 1779 675 1839 ut
687 1775 884 1840 sententiam
906 1797 997 1840 suam
1018 1798 1086 1839 mu-

119 1863 204 1943 tent,
238 1860 325 1924 situ
351 1860 427 1924 talis
450 1881 518 1924 esse
547 1860 677 1925 desieris
699 1860 803 1944 qualis
826 1861 945 1924 electus
969 1882 1018 1942 es,
1054 1863 1086 1924 et

118 1945 247 2030 ingenti
279 1945 489 2027 conscientia,
523 1943 656 2029 Caesar,
690 1945 782 2028 quasi
809 1945 980 2028 pacisceris
1013 1965 1085 2008 cum
1098 1963 1123 2002 ao

120 2030 167 2094 dis
189 2033 227 2093 ut
244 2032 292 2112 te,
316 2030 343 2093 si
357 2030 521 2110 merueris,
545 2032 684 2113 seruent,
708 2051 781 2094 cum
802 2030 885 2094 scies
908 2051 950 2094 an
966 2050 1085 2093 meree-

119 2114 162 2178 ris
184 2114 348 2178 neminem
376 2115 478 2199 magis
501 2136 596 2198 quem
619 2115 694 2180 deos
715 2115 806 2179 seire.
851 2135 965 2179 nonne·
983 2114 1084 2198 uobis,

118 2201 226 2282 patres
255 2199 447 2282 conscripti,
476 2198 556 2263 haec
582 2200 692 2264 diebus
719 2221 756 2264 ac
783 2200 933 2264 noctibus
961 2198 1086 2283 agitare

119 2304 226 2348 secum
248 2282 388 2348 uidetur:
427 2291 498 2368 ‘ego
511 2283 648 2366 'quidem
671 2284 706 2347 in
726 2305 788 2366 me,
811 2284 838 2346 si
859 2285 1003 2348 omnium
1024 2285 1086 2347 uti-

117 2367 191 2432 litas
218 2368 266 2432 ite
289 2372 449 2450 posceret,
481 2368 578 2432 etiam
605 2367 762 2451 praefecti
787 2389 918 2432 manum
946 2368 1084 2431 armaui:
1099 2383 1124 2424 25

119 2453 173 2516 sed
202 2474 243 2516 ne
272 2451 403 2517 deorum
425 2452 554 2540 quidem
581 2454 636 2516 aut
657 2453 738 2516 iram
766 2455 822 2516 eut
843 2451 1085 2536 neglegentiam

118 2537 285 2621 deprecor3
312 2559 431 2620 quaeso
451 2537 550 2602 immo
572 2541 604 2601 et
626 2537 769 2602 obtestor
790 2559 833 2601 ne
855 2559 1004 2621 umquam
1024 2557 1084 2619 pro

118 2643 168 2686 me
194 2625 273 2685 uota
299 2643 350 2686 res
371 2622 503 2706 publica
524 2623 628 2686 inuita
656 2623 899 2706 suscipiebant,
930 2622 958 2685 si
980 2641 1085 2686 susce·

117 2706 208 2788 perit
224 2706 345 2791 inuita,
368 2729 410 2771 ne
432 2707 583 2771 debeat'?

181 2789 331 2855 LXVHI.
362 2790 458 2876 Oapis
481 2811 570 2876 erge,
593 2790 718 2874 Caesar,
740 2791 852 2855 salutis
874 2793 947 2853 tuae
969 2789 1084 2872 glorio·
1097 2811 1123 2848 eo

119 2874 281 2938 sissimum
308 2876 450 2940 fructum
476 2897 515 2938 ex
543 2896 700 2938 consensu
726 2875 865 2938 deorum.
909 2894 982 2936 nem
1013 2893 1086 2935 cum

120 2959 259 3042 excipias
285 2963 321 3024 ut
343 2960 390 3024 ita
412 2960 539 3024 demum
565 2963 597 3023 te
620 2960 671 3023 dei
693 2961 836 3041 seruent,
865 2958 892 3021 si
914 2957 995 3020 hene
1017 2977 1086 3020 rem

187 3186 203 3233 3
221 3183 301 3232 immo
319 3189 369 3247 p'ro
388 3183 479 3233 solute
496 3182 652 3248 principum
668 3197 687 3231 ιι
704 3196 730 3230 r:
750 3197 797 3232 om.
815 3183 835 3230 B
850 3182 870 3228 V
881 3182 914 3230 W
926 3195 952 3229 m
972 3178 983 3245 ΙΙ
1001 3180 1020 3232 5
1037 3181 1085 3230 im-

120 3254 246 3313 peratore
255 3251 418 3302 Pem'zoniue:
436 3251 548 3316 imperio
559 3253 587 3299 1
602 3248 606 3314 t
621 3251 650 3300 in
662 3265 715 3316 quo
728 3251 749 3298 B
761 3250 783 3297 V
797 3250 802 3309 Ι
818 3253 882 3298 sunt
895 3251 912 3297 (t
925 3245 935 3313 ΙΙ
949 3250 963 3298 ‘1
982 3249 1087 3298 rexeris

122 3315 340 3378 (rexeritmuuolt
351 3317 431 3382 Keil.)
443 3321 563 3382 suppleat
574 3320 632 3368 edd.
649 3315 659 3385 ΙΙ
682 3320 713 3367 12
726 3314 837 3383 capitis]
853 3317 1005 3382 eorporisc
1020 3319 1024 3378 Ι
1041 3315 1084 3364 de-

121 3385 323 3434 mouerentVW
335 3383 345 3450 fl
360 3389 390 3436 17
398 3386 583 3436 conciliumw
594 3383 604 3450 ΙΙ
618 3387 650 3436 19
657 3391 688 3437 tu
695 3384 759 3436 telis
767 3399 827 3436 esse
838 3386 946 3448 scripsi:
955 3383 1084 3433 tulissent

122 3455 152 3500 tu
164 3466 254 3502 essew
265 3453 331 3503 ralis
343 3467 430 3518 esseg
444 3452 448 3516 Ι
465 3459 493 3504 et
502 3470 562 3520 epo:
576 3453 656 3503 seon
669 3451 679 3518 ΙΙ
692 3455 725 3504 20
735 3451 930 3518 quesieeripei:
943 3450 1084 3516 quam,

123 3521 269 3570 om.Wedd.
282 3517 292 3585 ΙΙ
305 3523 336 3570 21
349 3522 477 3572 merueris
490 3523 602 3572 Keiliuer
614 3522 758 3573 mereberis
768 3523 795 3569 Μ
806 3520 932 3570 merearis
944 3518 1086 3568 sichardus
