2578 4000
206 193 267 257 192
526 193 576 244 rr.
604 192 754 246 mosem
772 191 853 243 ssu.

121 353 140 380 ·
203 347 297 407 munt
324 344 462 426 animos,
491 342 581 428 operi
606 349 849 426 praeparantur,
879 341 1039 406 culturam
1066 342 1175 407 melio-

204 429 292 492 ribus
315 429 505 492 sdnituntur
527 427 686 510 suspicite,
710 426 857 490 reuisunt
878 426 1002 510 domos,
1030 427 1176 492 referunt

204 516 284 577 uotc
301 514 441 597 templis.
484 512 673 596 praesertim
701 532 773 575 cum
794 513 831 575 tu
858 510 1002 575 omnium
1028 515 1176 576 nostrum

205 601 412 663 conseruetor
439 597 607 661 adueneris
635 599 668 660 et
694 595 750 660 ille
777 595 869 678 quasi
895 595 1075 660 maiestatis
1101 599 1176 662 tuce

179 698 311 747 roomes
334 685 367 747 et
388 682 492 748 socius
516 683 607 748 deus:
632 680 784 765 flagrabit
805 682 875 746 tota
896 679 1025 763 ciuitas,
1049 681 1176 766 gaudiis

204 770 384 850 perstrepet
412 769 458 850 et,
488 787 559 830 cum
586 765 813 849 proficisceris,
846 763 983 829 fortasse
1011 767 1176 831 retinebit.

205 852 294 924 debis
317 853 403 916 enim
418 851 555 931 ueniam,
579 850 696 914 amoris
710 849 814 914 nostri
830 849 1065 914 contumaciam
1080 851 1174 916 feres.

204 937 348 1001 omnium
363 936 407 1000 sis
422 936 498 1000 licet
514 935 661 1000 dominus
675 935 811 1024 urbium,
835 934 977 999 omnium
995 935 1175 1024 nationum,

204 1041 265 1084 nos
286 1024 396 1085 temen
420 1021 517 1084 etiem
538 1040 656 1083 nomen
678 1019 858 1102 accepimus
880 1022 989 1084 tuum:
1020 1019 1088 1083 iem
1109 1042 1175 1085 non

167 1104 375 1188 rotantiquum
397 1103 559 1186 Bibracte,
583 1105 668 1186 quod
690 1104 853 1186 hucusque
876 1102 997 1168 dictum
1020 1107 1070 1169 est
1084 1105 1175 1188 Iulis,

205 1188 304 1274 Polie,
319 1189 496 1273 Florentia,
509 1188 565 1254 sed
574 1187 690 1252 Flauia
702 1191 751 1254 est
763 1187 877 1252 ciuitas
889 1188 1077 1256 Aeduorum
1088 1189 1176 1229 ****

586 1446 790 1454 ---ι--

659 1665 723 1740 ΙΧ.

502 1816 876 1915 INGERTI

231 1953 565 2051 'rsuscrruocs
588 1981 899 2050 oossrssrmo
921 1981 1127 2050 susurro

167 2133 192 2174 15
573 2122 598 2170 D
618 2121 631 2170 I
651 2121 671 2170 O
691 2121 714 2170 Τ
731 2121 757 2170 U
776 2120 807 2172 S.

267 2268 293 2334 Ι.
340 2268 432 2335 Unde
454 2268 534 2333 mihi
556 2270 682 2333 tanturn
705 2270 931 2352 confidentiae,
960 2270 1173 2335 sacratissime

205 2354 395 2439 imperator,
424 2359 461 2421 ut
482 2356 557 2438 post
582 2356 632 2418 tot
653 2353 800 2420 homines
825 2354 1065 2436 disertissimos,
1095 2377 1173 2438 quos

207 2442 239 2505 et
253 2441 287 2504 in
301 2440 379 2504 urbe
396 2461 486 2505 sacra
502 2442 534 2504 et
545 2438 599 2504 hic
613 2461 722 2504 rursus
738 2439 866 2523 audisti,
883 2439 987 2504 dicere
1003 2439 1172 2504 auderem?

204 2523 270 2587 nisi
291 2523 382 2588 nefas
402 2545 470 2588 esse
486 2524 633 2590 ducerem
656 2528 690 2589 et
712 2525 874 2589 commissi
892 2524 1057 2589 cuiusdam
1079 2526 1174 2590 secri-

167 2621 193 2661 20
205 2606 283 2692 legii
304 2609 496 2694 religionem
516 2630 653 2693 uererer,
677 2609 761 2691 siis,
785 2609 841 2692 qui
862 2629 988 2692 semper
1009 2629 1061 2673 res
1083 2631 1103 2672 a
1118 2631 1175 2674 nu·

204 2693 292 2756 mine
307 2695 363 2758 tuo
385 2696 493 2778 gestes
509 2695 694 2777 praedicere
715 2694 828 2758 solitus
851 2714 962 2775 essem,
986 2692 1068 2758 haec
1084 2697 1175 2758 tento

204 2777 327 2842 maiora
348 2778 494 2863 pristinis
522 2778 651 2844 silentio
672 2778 895 2863 praeterirem,
924 2799 982 2862 per
1005 2799 1086 2860 quae
1107 2799 1175 2842 non

204 2884 278 2946 pers
297 2863 408 2948 ¹alique
429 2867 565 2947 seruate,
588 2863 643 2928 sed
657 2864 807 2928 uniuersa
828 2863 890 2927 sibi
910 2865 959 2926 est
979 2863 1177 2946 respublica

243 3091 246 3095 ⁷
272 3054 289 3102 3
306 3057 430 3104 nostrum
447 3054 493 3101 W:
519 3056 673 3103 nostrorum
690 3053 713 3101 Δ
730 3053 751 3102 B
769 3055 787 3101 0
805 3053 832 3099 Vr
856 3049 866 3117 ΙΙ
895 3054 911 3102 4
932 3050 982 3102 ille
1006 3053 1087 3120 qussi
1104 3052 1177 3102 Liui·

205 3120 290 3168 neiusr
315 3121 395 3184 quasi
412 3119 460 3170 ille
477 3121 504 3168 Π
520 3119 596 3170 Bert.
621 3121 700 3185 quasi
717 3120 778 3185 ipse
797 3120 1005 3186 Eyssenhardtus
1034 3117 1045 3186 {t
1074 3119 1176 3172 bdeus

205 3201 265 3250 epo:
285 3201 331 3238 om.
350 3190 378 3235 H
398 3184 408 3253 ss
430 3190 445 3239 7
469 3189 556 3238 umori
574 3195 668 3239 nostro
687 3200 712 3235 w
736 3193 740 3252 Ι
767 3189 966 3239 contumaciam
982 3190 1093 3252 scripsi:
1113 3203 1177 3238 con-

205 3253 346 3304 tumeliam
363 3256 390 3303 Π
407 3253 417 3320 11
439 3258 471 3307 10
488 3255 621 3307 Bibracte
639 3254 734 3321 Uespe
750 3254 887 3306 bribreete
904 3255 927 3303 Δ
945 3257 962 3303 c
980 3256 1002 3302 V
1020 3268 1045 3303 w
1063 3255 1176 3306 bribrce

148 3376 151 3382 1
205 3324 233 3370 te
250 3321 271 3368 B
289 3320 462 3373 bribectew
480 3321 877 3388 m.lldicti1epo:dictalt
906 3321 916 3389 ss
945 3325 977 3372 11
997 3323 1128 3374 eduorum
1148 3327 1177 3373 et

206 3391 300 3438 cetero
318 3388 517 3455 (compendiose)
535 3391 566 3454 A,
584 3393 651 3442 unde
668 3393 786 3442 lacunam
802 3393 945 3455 siprificaui
960 3389 970 3455 ΙΙ
988 3391 1019 3440 16
1038 3399 1094 3441 sec:
1112 3392 1140 3439 H
1162 3387 1174 3454 tt

206 3455 237 3506 17
255 3454 327 3508 hom.
346 3458 440 3508 disert.
457 3457 626 3508 AWBert..·
646 3459 738 3508 disert.
756 3459 827 3509 hom.
847 3455 953 3524 Bcvss
968 3458 998 3508 18
1016 3472 1111 3509 rursus
1128 3457 1176 3508 hic

205 3521 308 3588 Bertfl
329 3526 362 3573 21
381 3522 656 3589 predicamentis
675 3526 777 3606 maiore
795 3541 811 3575 a
828 3527 851 3575 Δ
868 3524 879 3591 lt
895 3527 929 3576 23
947 3525 1001 3576 sibi
1018 3541 1063 3576 res
1081 3530 1124 3576 est
1143 3525 1177 3574 W
1274 3561 1275 3566 ,
