2572 3990
433 219 594 272 TRAIANO
612 221 647 272 D.
666 223 758 272 9-11.
1040 222 1079 284 11

112 372 196 432 tuus.
235 367 352 451 ingens
380 368 484 452 gloria
512 369 692 452 ingensque
718 370 820 434 fama:
854 392 926 435 cum
953 372 1079 436 abunde

108 454 262 536 expertus
291 454 375 516 esset
402 473 497 535 quam
524 453 606 516 bene
633 454 750 518 umeris
778 454 843 518 tuis
871 455 1008 519 sederet·
1021 456 1079 520 im·

109 535 330 685 {attat}
352 537 1079 706 ttttdattthssbpstatut?

111 705 317 769 sideraretur.
1091 731 1104 770 5

174 789 233 853 XI.
255 788 356 864 Quem
371 793 408 853 tu
422 789 562 853 lacrimis
577 790 725 875 primum,
740 791 786 854 ita
798 794 833 854 ut
847 791 949 855 filium
961 792 1078 874 decuit,

109 893 186 938 mox
208 873 338 956 templis
361 874 550 958 honestasti,
579 895 648 939 non
675 875 817 939 imitatus
841 875 914 941 illos
936 876 991 959 qui
1018 877 1078 940 hoc

109 958 205 1040 idem,
240 958 296 1021 sed
329 958 404 1021 alia*
424 961 530 1022 mente
563 959 720 1023 fecerunt.
758 959 877 1024 dicauit
904 961 992 1024 caelo
1027 959 1079 1024 Ti-

110 1043 219 1106 berius
246 1044 441 1126 Augustum,
468 1043 524 1106 sed
554 1045 590 1106 ut
617 1044 795 1108 maiestatis
830 1045 950 1108 crimen
985 1045 1078 1109 indu-

109 1129 208 1210 ceret,
233 1125 403 1191 Claudium
418 1127 516 1208 Nero,
541 1128 596 1190 sed
617 1130 654 1191 ut
675 1128 830 1210 irrideret,
842 1129 1077 1212 Vespasianum
1092 1151 1118 1191 ιο

109 1209 203 1274 Titus
209 1260 218 1293 ‚
243 1209 449 1276 Domitianus
471 1211 594 1290 Titum,
619 1212 673 1276 sed
696 1213 751 1277 ille
772 1217 809 1277 ut
829 1213 879 1277 dei
901 1213 1001 1296 filius,
1026 1214 1079 1278 hic

109 1297 146 1358 ut
173 1295 277 1359 frater
304 1295 474 1359 uideretur.
529 1299 565 1359 tu
593 1295 749 1361 sideribus
783 1300 907 1381 patrem
940 1298 1079 1362 intulisti

109 1401 178 1444 non
201 1380 243 1443 ad
264 1382 385 1443 metum
408 1380 535 1463 ciuium,
558 1401 626 1444 non
653 1381 687 1444 in
716 1381 942 1446 contumeliam
975 1383 1078 1446 numi·

109 1485 199 1546 num,
223 1485 291 1528 non
312 1464 347 1526 in
369 1463 520 1529 honorem
543 1468 644 1548 tuum,
670 1465 727 1530 sed
748 1466 827 1551 quia
846 1465 941 1531 deum
964 1466 1076 1531 credis.

110 1549 217 1612 minus
242 1550 290 1612 est
311 1547 382 1632 hoc,
407 1571 479 1613 cum
500 1549 538 1612 fit
559 1549 601 1612 ab
623 1548 673 1613 his
696 1551 750 1634 qui
773 1554 805 1614 et
827 1573 895 1614 sere
918 1551 992 1616 deos
1020 1573 1117 1634 prr-15

109 1637 191 1697 tant.
223 1632 279 1696 sed
300 1631 376 1696 licet
397 1633 489 1697 illum
504 1633 568 1696 aris
590 1634 812 1716 puluinaribus
833 1635 964 1698 flamine
981 1636 1077 1718 colas,

109 1738 177 1781 non
200 1717 263 1781 alio
285 1719 394 1781 tamen
416 1717 520 1802 magis
536 1717 630 1780 deum
647 1721 681 1780 et
702 1718 782 1782 facis
798 1721 831 1782 et
851 1719 967 1801 probas
983 1740 1078 1801 quam

109 1801 195 1884 quod
218 1801 287 1884 ipse
308 1801 384 1865 talis
407 1823 451 1866 es.
490 1802 524 1865 in
546 1801 692 1885 principe
708 1802 793 1866 enim
815 1803 869 1886 qui
885 1802 986 1866 electo
1008 1823 1078 1867 suc-

109 1907 235 1950 cessore
257 1885 326 1949 fato
353 1887 511 1950 concessit
537 1907 602 1950 una
630 1887 802 1970 eademque
831 1885 1007 1950 certissima
1032 1887 1077 1950 di·

110 1969 258 2036 uinitatis
286 1970 365 2034 fides
387 1974 436 2034 est
463 1970 566 2034 bonus
594 1991 770 2035 successor.
808 1993 886 2034 num
914 1991 990 2055 ergo
1017 1971 1077 2035 tibi
1091 1996 1117 2034 eo

108 2077 148 2118 ex
169 2053 412 2118 immortalitate
434 2055 535 2137 patris
558 2055 679 2139 aliquid
695 2056 897 2140 arrogantiae
919 2055 1076 2120 accessit?

106 2161 188 2202 num
213 2137 274 2202 hos
302 2139 461 2221 proximos
491 2139 659 2204 diuinitate
691 2143 861 2223 parentum
890 2140 1013 2204 desides
1042 2162 1078 2205 ac

107 2222 263 2306 superbos
291 2224 515 2308 potiusquam
542 2224 614 2288 illos
642 2227 767 2289 ueteres
795 2227 828 2288 et
853 2224 1000 2308 antiquos
1027 2247 1077 2288 ae-

109 2306 263 2371 mularis?
296 2308 350 2390 qui
371 2308 434 2372 hoc
456 2308 562 2391 ipsum
583 2308 753 2395 imperium
775 2311 849 2349 Η*
877 2309 966 2373 cuius
992 2309 1078 2393 pulsi

109 2392 280 2475 fugatique
299 2413 364 2456 non
387 2392 472 2456 aliud
488 2392 589 2457 maius
611 2389 791 2458 habebatur
812 2392 967 2456 indicium
981 2414 1117 2476 quamne

108 2475 195 2560 quod
218 2475 440 2559 triumpharet.
469 2497 544 2562 ergo
560 2477 757 2542 sustulerant
771 2478 895 2541 animos
912 2480 944 2540 et
965 2477 1077 2561 iugum

108 2562 316 2624 excusserant
336 2581 397 2625 nec
419 2561 483 2624 iam
503 2561 670 2626 nobiscum
693 2562 731 2625 de
753 2583 810 2626 sua
836 2561 994 2645 libertate,
1022 2562 1078 2626 sed

109 2644 148 2708 de
170 2646 283 2708 nostra
304 2645 459 2709 seruitute
483 2647 650 2710 certabant
671 2667 709 2710 ac
731 2668 772 2710 ne
793 2645 934 2710 indutias
950 2645 1078 2729 quidem

109 2729 171 2792 nisi
202 2727 312 2812 aequis
344 2729 584 2794 condicionibus
618 2731 747 2795 inibant
778 2731 929 2814 legesque
957 2734 993 2793 ut
1026 2751 1077 2794 ac-

108 2813 254 2897 ciperent
276 2813 404 2882 dabant,
585 2875 588 2882 ,
611 2859 614 2865 a
1089 2834 1116 2873 co

110 2968 314 2978 ...u-‚W

172 3053 211 3101 .14
230 3066 284 3102 non
303 3052 332 3100 in
349 3051 480 3102 honorem
498 3057 575 3102 tuum
593 3066 640 3104 om.
663 3051 696 3099 W
724 3049 738 3116 {t
765 3053 796 3100 17
823 3054 916 3100 tamen
940 3049 1028 3117 magis
1047 3065 1076 3114 ςε

111 3120 197 3184 magis
215 3123 309 3168 tamen
326 3121 363 3179 ΙΙ,
393 3120 442 3168 nisi
465 3121 534 3184 quod
550 3135 594 3170 ma
615 3121 638 3170 is
661 3135 708 3170 om.
727 3120 747 3167 B
768 3116 772 3183 Ι
793 3124 822 3168 et
843 3119 916 3168 facis
934 3133 981 3170 om.
1001 3118 1034 3166 W
1051 3118 1079 3169 ia

110 3203 162 3240 rar.
182 3189 199 3236 3
218 3188 267 3235 tin.
296 3184 307 3251 ss
337 3187 369 3236 18
388 3187 459 3236 enim
479 3203 527 3238 om.
546 3135 613 3252 Wb
642 3189 674 3237 19
693 3186 840 3251 eademque
859 3199 933 3234 wm:
952 3186 1077 3251 idemque

110 3255 138 3302 Ι
153 3257 311 3318 itemqueg
341 3250 352 3319 ΙΙ
381 3256 415 3304 20
432 3269 486 3304 non
504 3257 608 3320 ergoB
637 3252 647 3319 ΙΙ
677 3257 710 3304 23
728 3253 855 3304 amuletis
873 3257 908 3316 Π,
931 3269 999 3308 corr.
1017 3269 1034 3320 ς
1052 3261 1078 3305 et

111 3323 243 3402 Liuineiga
255 3316 265 3385 ΙΙ
277 3322 312 3370 24
323 3321 411 3386 ipsum
423 3322 567 3387 imperium
578 3339 660 3388 quam
668 3323 733 3386 imp.
744 3322 822 3373 cuius
831 3322 851 3370 B
861 3322 883 3369 V
894 3322 983 3387 ipsum
993 3322 1079 3386 impe-

111 3406 180 3455 rium
203 3419 248 3473 qn}
270 3404 328 3471 imp
348 3406 426 3456 cuius
440 3407 473 3455 W
489 3408 579 3471 ipsum
591 3406 736 3472 imperium
749 3421 794 3472 qm
810 3403 950 3471 (quoniam
960 3405 987 3468 u)
1000 3406 1079 3456 euius

112 3475 129 3520 c
151 3464 206 3523 curri
223 3479 295 3541 sipno
314 3477 419 3524 lacaenae
449 3471 459 3538 ΙΙ
489 3475 522 3524 ⁶25
540 3490 620 3538 quarn
639 3473 748 3538 quodB
771 3475 828 3525 cod.
847 3474 973 3524 Liuineii:
996 3475 1081 3538 q'uam

111 3540 137 3588 si
153 3543 171 3589 c
189 3544 211 3591 V
229 3544 262 3592 W
278 3540 287 3607 ΙΙ
304 3545 337 3592 26
355 3541 570 3608 triumpharetur
588 3544 644 3594 cod.
663 3542 784 3592 Liuineii.
