2578 4000
181 180 243 245 112
338 191 339 196 ’
494 181 554 234 vu.
584 179 733 234 menam
751 179 831 231 rau

179 332 359 417 imperante
387 351 454 395 non
482 329 647 416 poesetl),
676 329 731 394 sed
759 351 847 395 error
873 329 938 394 iam
960 329 1149 415 desipientis

182 417 313 500 aetatis,
347 418 383 479 ut
413 417 463 479 tot
489 418 584 481 natue
617 435 719 479 annos
747 414 955 500 grauissimas
988 435 1082 480 curae
1115 419 1148 480 et

182 501 301 566 bellum
323 498 417 566 ciuile
436 499 635 584 susciperet?
658 498 766 584 nullia,
788 501 825 564 ut
845 521 896 563 res
916 501 974 581 est,
996 499 1150 564 fortunae

180 585 365 652 muneribus
393 585 562 670 explentur
590 605 725 668 quorum
753 585 944 668 cupiditates
971 584 1055 648 ratio
1082 605 1148 650 non

155 671 348 754 tterminat,
379 673 474 753 atque
496 669 542 733 ita
570 690 624 734 eos
645 668 782 734 felicitas
809 669 939 753 ingrata
966 669 1152 734 subterfluit

181 759 219 822 ut
240 777 365 840 semper
386 754 474 842 pleni
496 776 638 904 sperum,
661 755 756 818 uacui
777 754 1030 837 commodorum,
1059 775 1150 838 praa·

182 841 327 906 sentibus
354 842 485 904 careant
533 861 587 903 um
608 839 717 904 futura
740 841 956 922 prospectant.
1000 841 1035 902 at
1063 839 1149 903 enim

182 925 326 991 diuinum
347 923 438 988 illum
459 925 564 988 uirum
585 924 640 1008 qui
662 925 784 1008 primus
806 923 975 1008 imperium
997 926 1031 987 et
1052 924 1149 1009 parti·

183 1010 303 1093 cipauit
330 1012 363 1073 et
387 1009 499 1092 posuit
527 1008 652 1074 consilii
673 1011 711 1083 ¹et
730 1008 811 1073 facti
838 1009 887 1073 aui
913 1029 982 1073 non
1002 1008 1151 1092 poenitet

144 1110 242 1158 1⁰nec
264 1093 407 1157 amisisse
429 1113 463 1158 ae
484 1095 577 1177 putat
599 1093 682 1177 quod
705 1094 819 1177 sponte
832 1093 1048 1176 transcripsit,
1072 1092 1150 1157 felix

182 1179 355 1262 beatusque
377 1195 452 1242 uere
476 1199 570 1261 quem
592 1179 699 1243 uestra
712 1181 878 1244 tantorum
893 1177 1076 1262 principum
1100 1199 1151 1242 co-

183 1264 255 1328 lunt
276 1263 427 1347 obsequia
448 1263 620 1347 priuatum.
651 1263 705 1328 sed
729 1263 836 1327 atille
857 1261 1029 1346 multiiugo
1050 1262 1152 1326 fultus

183 1348 317 1433 imperio
341 1351 373 1412 et
393 1351 500 1412 uestro
515 1347 618 1412 laetus
632 1349 752 1433 tegitur
774 1347 968 1431 umbraculo,
991 1368 1071 1430 quos
1090 1347 1152 1412 scit

184 1455 222 1498 ex
245 1454 302 1498 aua
324 1433 424 1516 stirpe
446 1433 599 1514 creuisse,
630 1435 663 1497 et
683 1431 802 1518 glorias
824 1435 949 1496 uestras
977 1430 1060 1496 iuste
1088 1431 1151 1496 sibi

145 1529 170 1570 16
183 1517 336 1582 uindicat.
364 1516 450 1582 hunc
472 1538 550 1603 ergo
572 1517 672 1602 illum,
695 1517 749 1602 qui
771 1516 904 1600 abipso
926 1515 1033 1580 luerat
1051 1516 1153 1581 frater

184 1602 333 1684 adscitus,
356 1602 471 1685 puduit
490 1603 621 1686 imitari,
644 1601 717 1666 huic
740 1601 831 1666 illum
853 1601 889 1664 in
904 1599 1079 1685 Capitolini
1101 1600 1152 1664 lc-

185 1686 233 1751 uie
255 1686 377 1784 templo
396 1687 518 1753 iurasse
540 1685 651 1771 poenit
676 1687 708 1752 ’1.
736 1707 802 1751 non
824 1685 924 1785 miror
945 1687 1029 1770 quod
1052 1686 1152 1752 etiam

184 1775 547 1921 geneerIpmpIrpppteSt
573 1855 651 1919 fides
657 1905 666 1939 ,
695 1855 774 1920 haec
801 1854 914 1941 religio
936 1853 1078 1920 Palatini
1105 1876 1155 1920 sa-

146 1952 172 1994 20
186 1941 281 2006 orarii
308 1939 424 2005 deuota
452 1940 669 2024 penetralibus
676 1988 685 2024 ,
713 1943 750 2004 ut
776 1941 864 2004 lente
891 1942 923 2004 et
950 1943 1152 2022 cunctanter,

184 2026 249 2090 iam
271 2025 395 2090 scilicet
414 2046 487 2090 cum
509 2025 573 2088 illis
588 2025 666 2088 belli
681 2025 831 2106 consiliis,
854 2024 970 2090 itinere
990 2024 1153 2108 confecto,

185 2110 384 2194 consumptis
407 2109 507 2194 copiis
529 2109 732 2173 mansionum
755 2110 882 2193 nequis
905 2109 1058 2193 consequi
1080 2130 1153 2196 pos·

186 2198 235 2258 set
256 2195 429 2276 exercitus,
452 2196 584 2277 repente
606 2194 692 2257 intra
713 2195 851 2277 parietes
874 2193 1056 2258 consideret
1076 2216 1157 2277 pur·

184 2281 317 2363 puratos
340 2282 372 2344 et
393 2279 442 2344 bia
465 2279 645 2363 depositum
665 2278 760 2343 tertio
781 2281 952 2362 usurparet
970 2277 1155 2362 imperium,

146 2375 172 2418 ²⁵
185 2365 309 2428 litteras
332 2363 372 2428 ad
387 2364 607 2430 sollicitandos
621 2363 777 2428 exercitus
798 2364 952 2446 mitteret,
975 2362 1073 2427 fidem
1094 2364 1155 2428 mi·

185 2448 277 2513 litum
308 2449 522 2532 praemiorum
556 2449 773 2513 ostentatione
805 2449 935 2514 turbare
961 2450 1154 2534 temptaret,

186 2553 296 2597 secure
321 2531 443 2596 scilicet
463 2553 577 2596 usurus
601 2533 740 2598 exercitu
768 2555 862 2618 quem
884 2532 1015 2597 uenales
1037 2553 1156 2597 manus

185 2617 303 2681 habere
326 2615 493 2680 docuisset.
538 2637 601 2699 quc
624 2617 753 2702 quidem
774 2617 860 2682 illius
883 2637 988 2682 errore
1011 2616 1157 2682 declara·

186 2704 255 2766 tum
278 2703 335 2784 est,
358 2700 541 2784 imperator,
565 2705 704 2786 quantus
719 2705 752 2767 te
767 2702 904 2766 militurn
919 2705 1048 2766 tuorum
1064 2723 1157 2766 amor

148 2802 173 2842 ³0
188 2787 459 2871 complecteretur,
482 2786 590 2870 quite
612 2786 761 2852 omnibus
784 2787 877 2852 donis
900 2807 981 2870 quae
1002 2785 1058 2850 ille
1079 2807 1156 2870 pro·

185 2873 325 2956 miserat,
349 2872 496 2944 omnibus
511 2870 669 2937 honorum
689 2871 903 2937 oblationibus
918 2870 1156 2955 praetulerunt.

185 2978 259 3021 rara
279 2956 336 3021 illa
357 2957 459 3022 uirtus
483 2957 700 3023 continentiae
723 2957 778 3021 uix
799 2979 818 3020 a
839 2957 951 3040 paucis
973 2955 1156 3040 sapientiae

185 3041 455 3125 praeceptoribuS,
484 3043 514 3105 si
534 3045 641 3107 tamen
665 3040 846 3126 aliquande,
874 3043 1000 3105 seruata
1019 3043 1158 3124 propter

255 3248 270 3296 3
283 3245 347 3294 fort.
360 3259 462 3296 muner.
476 3247 548 3296 Νι
563 3262 664 3298 muner.
678 3246 741 3297 fort.
754 3243 856 3312 311111
870 3249 901 3298 13
913 3247 1019 3312 tegitur
1032 3245 1124 3296 laetus
1137 3245 1157 3294 (t

187 3310 200 3378 11
214 3313 255 3364 *14
273 3312 327 3363 eibi
344 3313 416 3364 iusta
435 3311 474 3378 (il
489 3316 520 3365 15
538 3311 628 3380 illum]
648 3329 710 3364 eum
722 3315 786 3364 ΑΨ
801 3313 806 3378 l
821 3315 881 3380 ipso
898 3315 1007 3378 scripsi:
1024 3311 1075 3362 illc
1091 3315 1121 3362 Η
1141 3309 1154 3380 ΙΙ

186 3381 219 3430 16
236 3381 308 3430 hunc
323 3379 401 3431 illum
415 3383 447 3430 W
460 3379 470 3446 11
484 3383 515 3432 11
534 3382 629 3431 mirum
647 3379 776 3446 1111111110
793 3380 974 3447 penetrabilia
993 3382 1010 3428 (t
1023 3377 1033 3446 l
1046 3381 1079 3430 26
1097 3385 1158 3429 tur·

185 3450 266 3501 beret
279 3452 413 3513 emptaret
423 3450 446 3496 Δ
458 3450 581 3501 turbaret
593 3466 639 3502 om.
652 3453 788 3514 emptaret
800 3451 833 3498 W
845 3447 855 3515 ΙΙ
868 3452 901 3500 18
919 3465 973 3514 quo
985 3462 1023 3498 w:
1042 3446 1117 3512 quod
1127 3447 1158 3498 Π

188 3513 200 3581 ll
220 3518 253 3568 30
266 3516 313 3580 qui
330 3532 353 3567 e.
367 3520 394 3566 te
406 3517 429 3566 A
441 3514 451 3580 11
464 3519 494 3568 31
513 3513 658 3582 honorum]
677 3517 773 3568 horum
785 3519 817 3566 W
830 3515 839 3583 1Ι
852 3521 885 3569 33
903 3519 928 3568 ai
944 3518 1036 3570 addidi
1040 3531 1048 3565 :
1067 3531 1115 3566 om.
1127 3517 1159 3564 Π
