2578 4000
196 196 198 202 ’
243 209 305 272 164
555 207 616 260 vn.
647 207 798 258 monam
815 207 895 258 rari.

305 357 362 422 VI.
394 357 477 433 Quid
500 357 538 422 de
561 356 780 421 misericordia
801 355 906 420 dicam
928 377 992 440 qua
1013 356 1110 422 uictis
1132 360 1211 422 tem-

241 441 391 528 parauit?
441 442 496 507 nid
519 442 557 507 de
578 441 703 506 iustitia
725 462 788 526 qua
809 441 956 525 spoliatis
977 442 1099 506 amissa
1120 444 1211 507 resti·

241 527 326 594 tuit?
381 465 441 592 uid
458 527 497 591 de
519 526 723 612 prouidentia
745 547 810 610 qua
832 526 928 590 sociis
950 525 1012 590 sibi
1034 527 1155 592 iunctis
1178 549 1209 592 se

242 549 395 678 eiusmodi
421 615 458 677 in
485 611 601 676 iudicio
628 610 716 676 dedit
745 613 783 676 ut
809 609 995 676 semitutem
1023 633 1138 696 passos
1165 613 1209 676 iu-

216 701 333 763 tuaret
354 700 483 782 recepta
503 694 653 776 libertas,
677 695 791 780 culpae
813 696 958 761 conscios
979 695 1021 760 ad
1042 697 1209 780 poeniten-

242 784 320 848 tiam
342 785 509 847 reuocaret
530 780 729 865 impunitas?
772 780 849 864 quid
870 780 981 864 loquar
1002 801 1115 846 rursus
1137 783 1211 846 inti·

241 889 310 932 mas
331 867 488 932 Franciae
515 867 665 931 nationes
693 866 758 930 iam
785 887 851 930 non
881 865 993 930 abhis
1021 866 1103 932 locis
1132 887 1210 952 quae

242 952 318 1016 olim
340 949 478 1016 Romani
505 951 707 1033 inuaserant,
738 949 836 1016 seda
879 950 996 1034 ropriis
1023 971 1063 1016 ax
1087 952 1210 1051 origine

242 1037 292 1100 sui
330 1036 458 1100 sedibus
495 1039 591 1120 atque
628 1037 667 1099 ab
702 1035 824 1100 ultimis
856 972 1028 1100 larbariae
1062 1036 1211 1102 litoribus

204 1137 228 1178 ιο
242 1121 387 1205 auulsas,
409 1123 446 1184 ut
468 1119 503 1184 in
523 1120 657 1185 desertis
680 1119 806 1186 Galliae
827 1119 1012 1206 regionibus
1035 1122 1213 1187 collocatae
1277 1153 1278 1160 ¹

242 1210 274 1269 et
301 1227 414 1290 pacem
442 1203 580 1270 Romani
607 1206 734 1290 imperii
769 1205 856 1270 cultu
882 1205 1033 1270 iuuarent
1062 1210 1097 1270 et
1123 1228 1214 1271 arma
1277 1215 1278 1242 ³

243 1289 388 1355 dilectu?
426 1290 501 1374 quid
530 1311 774 1356 commemorem
802 1289 1014 1376 lingonicam
1041 1289 1214 1356 uictoriam

243 1375 339 1442 etiam
367 1375 568 1460 imperatoris
597 1376 698 1460 ipsius
732 1375 861 1440 uulnere
888 1375 1090 1460 gloriosam?
1137 1377 1213 1461 qnid

242 1457 456 1525 Uindonissae
491 1480 620 1544 campos
653 1460 792 1524 hostium
830 1462 937 1544 strage
971 1461 1150 1544 completos
1184 1465 1214 1525 at

204 1564 229 1604 is
244 1544 346 1608 adhuc
375 1545 499 1609 ossibus
527 1543 679 1630 opertos?
713 1544 789 1628 quid
810 1545 984 1610 immanem
1012 1566 1052 1609 ex
1075 1547 1213 1610 diuersis

243 1631 475 1694 Germanorum
503 1630 630 1714 populis
664 1629 917 1715 multitudinem,
954 1651 1048 1714 quam
1078 1631 1213 1696 duratus

241 1713 317 1799 gelu
345 1713 477 1780 Rhenus
511 1714 657 1779 illexerat
687 1718 725 1778 ut
754 1714 906 1798 insulam,
942 1737 1038 1812 quam
1072 1716 1212 1780 diuortio
1277 1713 1278 1716 ’

242 1799 293 1862 sui
319 1799 404 1864 idem
432 1798 535 1863 amnis
563 1799 785 1883 amplectitur,
817 1799 958 1884 pedestri
980 1800 1114 1885 agmine
1137 1821 1212 1866 ausa

241 1884 459 1948 transmittere
489 1888 622 1967 repento
649 1884 758 1949 laxato
789 1883 921 1949 flumine
951 1883 1155 1950 clauderetur
1182 1889 1212 1950 et

204 1987 230 2029 ao
243 1967 382 2033 dimissis
405 1969 514 2033 statim
535 1968 668 2033 obsessa
689 1969 829 2054 nauigiis
851 1969 897 2034 ita
926 1989 960 2034 se
981 1969 1100 2035 dedere
1122 1991 1212 2056 coga-

242 2056 331 2117 retur
352 2056 397 2135 ut,
421 2051 505 2136 quod
520 2051 682 2116 difficilius
698 2055 756 2136 est,
780 2057 866 2120 sorte
887 2054 1048 2119 communi
1070 2055 1214 2141 elegerat

243 2141 338 2200 etex
361 2157 464 2220 aequo
487 2157 566 2220 quos
589 2138 768 2221 captiuitati
791 2138 947 2223 traderet,
975 2139 1118 2206 relatura
1141 2162 1212 2206 cum

242 2220 302 2284 reli
326 2221 387 2284 uiis
409 2221 474 2284 suis
496 2220 663 2285 infamiam
685 2222 876 2306 proditionis
898 2245 1038 2288 suorum.

338 2304 381 2369 II.
436 2303 514 2370 Dies
546 2327 597 2370 me
633 2310 707 2372 ante
742 2307 868 2373 deficiet
901 2329 994 2392 quam
1026 2310 1148 2392 oratio,
1185 2310 1214 2374 si

205 2407 230 2448 aa
245 2390 352 2454 omnia
372 2390 476 2474 patris
498 2390 546 2454 tui
566 2390 655 2456 facta
676 2393 729 2457 uel
755 2393 814 2458 hac
836 2392 994 2457 breuitate
1058 2415 1214 2459 rcurram.

244 2475 332 2539 cuius
361 2475 457 2540 etiam
483 2496 632 2560 suprema
659 2476 714 2541 illa
742 2477 902 2564 expeditio
929 2499 996 2542 non
1050 2479 1215 2544 ritannica

243 2559 412 2644 trophaea,
444 2563 481 2623 ut
502 2561 558 2625 uul
582 2583 601 2626 o
625 2562 779 2626 creditum
801 2565 865 2647 est,
889 2562 1059 2647 expetiuit‚
1085 2563 1143 2628 sed
1166 2564 1215 2628 dis

243 2642 307 2707 iam
329 2644 521 2709 uocantibus
544 2583 582 2710 ad
605 2647 753 2712 intimum
768 2648 928 2712 terrarum
949 2646 1049 2712 limen
1065 2649 1215 2713 accessit.

312 2937 327 2984 1
341 2935 440 2986 omissa
452 2935 474 2984 Α
486 2936 519 2983 W
531 2933 541 3000 1
554 2939 570 2987 3
588 2937 690 2988 uinctis
702 2937 725 2986 Δ
737 2940 755 2986 (1
765 2939 798 2986 W
813 2935 817 3002 1
833 2952 861 2986 se
873 2950 911 2987 w:
930 2938 955 2987 ai
966 2939 994 2985 11
1006 2935 1016 3002 11
1028 2940 1046 2988 4
1062 2938 1092 2986 in
1111 2937 1216 2988 indicio

244 3004 352 3066 scripsi:
365 3001 465 3052 iudicio
477 3003 732 3068 BGVindic.(sic)A
746 3005 903 3070 iudicemwl
915 3003 989 3054 dedit
1000 3004 1086 3056 oan
1099 3001 1111 3071 1
1123 3007 1140 3056 5
1151 3021 1217 3056 con-

245 3071 317 3120 scios
329 3083 367 3119 v:
382 3069 493 3120 conscio
504 3072 532 3118 11
543 3067 554 3136 11
567 3070 718 3132 BRomani3
731 3073 813 3122 malim
823 3072 948 3123 Romana
960 3069 971 3136 11
983 3073 999 3122 1
1011 3074 1056 3123 sui
1066 3073 1143 3123 edd:
1157 3074 1218 3124 suis
1273 3087 1274 3090 ¹

243 3139 270 3184 1
283 3135 293 3202 1
308 3139 339 3187 10
352 3135 470 3188 collatae
483 3137 505 3186 Α
517 3134 528 3202 1
542 3140 573 3188 11
587 3137 749 3190 dilectumt'
764 3137 769 3206 1
784 3139 951 3205 lingonicam
962 3141 1036 3189 Bt'V
1046 3140 1218 3204 begonicam

244 3203 278 3253 W
289 3201 299 3268 1
313 3205 345 3254 14
357 3203 506 3268 completos
518 3205 653 3257 athaia:
666 3221 726 3256 com
745 3206 802 3258 leto
814 3207 925 3258 sedAW
936 3225 958 3257 m
971 3207 1154 3272 1complatos
1168 3209 1220 3259 ssd

244 3269 345 3319 1³(in
356 3267 367 3336 11
381 3273 412 3322 17
423 3271 552 3324 illexerat
563 3273 693 3338 Longior:
707 3221 839 3325 illuxerat
850 3277 878 3323 11
889 3275 1015 3326 illuserat
1028 3289 1045 3341 ς
1057 3273 1068 3340 11
1087 3276 1119 3326 18
1132 3277 1219 3328 annis

245 3337 278 3384 w
290 3334 301 3403 l
315 3341 345 3389 19
357 3340 544 3390 transmittere
556 3340 620 3390 Π
629 3341 719 3391 Bert:
732 3357 779 3396 om.
791 3343 811 3391 11
822 3343 869 3391 GV
881 3341 891 3408 11
904 3345 937 3394 10
949 3342 1076 3395 demissis
1088 3343 1126 3407 Ι,
1140 3360 1220 3398 com

245 3403 371 3472 Actdatll
388 3408 420 3456 11
439 3412 467 3457 et
486 3423 519 3457 ex
537 3423 626 3474 aequo
645 3423 713 3474 quos
730 3410 869 3460 Amnem:
888 3415 916 3462 et
933 3425 967 3462 ex
986 3425 1072 3476 equos
1089 3411 1119 3459 11
1136 3411 1219 3463 Bari.
1272 3437 1273 3478 1

245 3486 312 3537 quor
324 3486 350 3522 v
363 3473 368 3537 1
384 3487 443 3524 oum
455 3474 567 3540 reliquis
580 3472 674 3540 Ι114
687 3475 827 3527 deiiciatA
839 3476 999 3528 deficeretv
1014 3481 1019 3535 Ι
1034 3480 1123 3530 oratio
1137 3495 1186 3530 ora
1202 3482 1222 3530 0

243 3535 253 3604 11
265 3542 298 3592 ‘li
307 3541 424 3608 trophea
436 3546 466 3590 ut
475 3542 589 3591 Bcvw:
600 3548 677 3609 tropa
688 3545 764 3595 autA
778 3541 783 3610 1
800 3543 929 3596 creditum
939 3559 976 3594 w:
987 3548 1092 3597 cretum
1103 3547 1130 3595 1
1137 3547 1221 3598 Bert.

243 2749 348 2813 neque
371 2730 456 2794 enim
478 2729 532 2795 ille
553 2733 604 2795 tot
623 2732 787 2816 tantisque
808 2733 903 2798 rebus
928 2732 1030 2817 gestis
1051 2752 1120 2796 non
1143 2733 1215 2798 dico
1274 2785 1275 2800 1
