2582 3992
186 186 229 251 64
509 187 530 239 1.
563 185 593 237 c,
612 185 729 237 rmurr
746 185 827 236 ιιι,

187 337 407 421 publicamet
430 357 511 399 exu
511 335 630 399 tilitate
657 336 800 400 omnium
821 335 957 416 rexeris,
990 339 1095 400 certus
1118 358 1151 401 es

187 423 269 486 bene
290 425 322 485 te
344 443 411 486 rem
432 420 593 503 publicam
614 441 741 504 regere,
765 441 837 484 cum
859 423 997 484 seruent.
1041 421 1152 518 itaque

189 509 359 571 securust
345 505 405 570 tibi
432 508 465 568 et
485 503 549 568 leet
535 508 587 568 tus
610 505 677 568 dies
702 505 781 588 exit,
810 504 865 588 qui
886 505 1048 588 principes
1072 505 1152 568 alios

189 613 264 655 cura
294 593 439 654 structu
466 589 652 669 distinebat,
688 611 759 653 curn
786 589 934 672 suspensi
962 593 995 653 et
1021 590 1153 654 attoniti

163 693 365 760 operumque
393 673 504 738 confisi
531 639 667 772 patient
659 695 690 736 ιι
644 676 825 738 tuostra
851 672 928 737 hino
957 677 1052 772 atqua
1078 674 1153 738 iude

123 789 127 796 ·
188 759 336 843 publicae
363 758 526 822 seruitutis
550 758 679 823 nuntios
702 760 916 855 expectarent.
961 779 998 822 ac
1020 760 1047 823 si
1068 759 1153 822 forte

190 844 313 927 aliquos
346 844 479 908 flumina
512 842 603 906 niues
635 841 724 906 uenti
751 842 1007 927 praepedissent,
1044 843 1154 908 statim

190 927 252 992 hoo
274 927 354 991 illud
376 948 444 991 csse
467 927 641 991 credebant
662 927 745 1011 quod
768 927 975 1010 uerebantur3
1003 949 1063 992 nec
1086 931 1155 992 eret

191 1012 361 1076 discrimen
395 1011 495 1076 ullum
527 1011 672 1095 pauoris,
707 1015 876 1095 propterea
903 1011 1002 1096 quod,
1036 1034 1108 1076 cum
1136 1033 1154 1075 ι

154 1115 178 1154 10
191 1097 277 1160 malo
299 1096 444 1180 principe
465 1100 631 1180 tamquam
657 1117 822 1162 successor
842 1097 993 1160 timentur
1015 1097 1155 1180 quisquis

192 1183 241 1244 est
263 1181 405 1265 dignior,
439 1202 511 1245 oum
534 1181 577 1244 sit
598 1202 692 1246 nemo
721 1202 787 1245 non
809 1181 953 1266 dignior,
983 1182 1157 1246 omnesti-
1180 1182 1191 1197 '

85 1331 91 1345 ,
192 1268 329 1329 mentur
377 1268 468 1329 tuam
501 1266 704 1330 securitatem
736 1287 805 1330 non
837 1287 927 1330 mora
958 1266 1155 1344 nuntiorum,

97 1368 99 1370 ·
192 1370 258 1415 non
285 1350 464 1413 litterarum
490 1349 626 1414 tarditas
648 1349 762 1415 differt.
808 1351 869 1415 sois
890 1350 951 1414 tibi
974 1350 1121 1434 ubique
1112 1371 1157 1412 ιιι-

192 1434 273 1518 reri,
305 1455 376 1498 cum
403 1434 472 1517 ipse
499 1435 655 1498 iuraueris
682 1435 846 1500 omnibus:
884 1456 979 1500 nemo
1002 1434 1065 1498 hoc
1093 1455 1157 1500 non

155 1534 180 1576 ιι
194 1484 273 1582 sibi
278 1521 430 1601 praestat.
474 1539 615 1582 amamus
641 1519 768 1603 quidem
795 1519 864 1584 te'
854 1541 890 1583 ιιι
911 1521 1067 1603 quantum
1095 1539 1158 1582 rue-

193 1601 287 1687 reris;
310 1603 397 1667 istud
410 1606 518 1667 tamen
539 1625 606 1668 non
626 1605 675 1668 tui
687 1603 824 1668 facimus
846 1625 953 1668 amore
976 1603 1031 1667 sed
1046 1603 1158 1685 nostri,

193 1709 253 1751 nee
279 1652 429 1775 irmquarn
462 1687 628 1752 illucescat
658 1689 724 1752 dies
758 1710 820 1771 quc
847 1710 906 1772 pro
935 1692 967 1752 te
995 1691 1160 1784 nuncupet

194 1776 271 1836 uota
296 1793 363 1836 non
390 1772 514 1836 utilitas
541 1777 652 1836 nostra
679 1772 734 1837 scd
761 1773 854 1855 fides,
884 1771 1012 1838 Caesar.
1056 1773 1159 1855 turpis

194 1855 294 1954 tutela
315 1857 470 1940 principis
494 1857 545 1920 cui
559 1879 600 1940 po
602 1860 666 1921 test
681 1857 841 1954 imputari
876 1877 965 1954 quen
957 1857 1062 1920 libet
1078 1855 1159 1939 quod

157 1958 182 1998 ιι
195 1941 230 2005 in
252 1942 375 2004 secreta
397 1945 508 2004 nostra
534 1962 600 2005 non
623 1942 789 2024 inquirant
809 1942 971 2026 principes
996 1941 1059 2005 nisi
1077 1961 1161 2024 quos

195 2024 327 2089 odimus.
373 2045 448 2088 nam
475 2025 503 2088 si
530 2026 640 2088 eedem
669 2047 745 2090 cura
764 2026 858 2090 bonis
885 2047 923 2090 ac
947 2026 1040 2089 malis
1068 2028 1161 2107 esset,

195 2129 291 2204 quam
317 2109 435 2191 ubique
464 2107 610 2172 admirat
586 2113 707 2173 tranem
734 2110 797 2193 tui,
831 2110 916 2194 quod
937 2110 1089 2207 gaudium
1111 2131 1162 2174 ex-

195 2192 244 2254 ult
230 2193 447 2275 tationemque
481 2192 751 2276 deprehenderes!
796 2215 876 2277 quos
913 2195 1054 2259 omnium
1091 2215 1163 2259 cum

198 2275 386 2359 coniugibus
417 2297 453 2341 ac
481 2276 606 2360 liberis,
645 2299 724 2376 quos
753 2279 850 2342 etiam
880 2300 951 2343 cum
981 2279 1163 2344 domesticis

159 2377 184 2418 ι
199 2361 262 2424 aris
284 2361 429 2444 focisque
451 2365 628 2427 sermones!
666 2364 764 2428 scires
791 2363 989 2428 mollrssrmrs
1015 2365 1086 2427 istis
1111 2384 1163 2426 au-

197 2445 285 2510 ribus
307 2446 405 2529 parci.
451 2449 483 2510 et
512 2447 653 2531 alioquin
682 2470 753 2513 oum
782 2448 850 2512 sint
878 2449 986 2512 odium
1014 2468 1164 2545 amorque

198 2530 372 2612 contraria,
407 2529 469 2595 hoo
491 2553 645 2614 perquam
673 2533 775 2596 simile
797 2531 919 2596 habent
944 2533 1027 2616 quod
1050 2533 1126 2596 ibi
1117 2554 1166 2596 rn-

197 2615 429 2761 tenqperaqtius
457 2636 599 2679 amamus
621 2617 724 2681 bonos
749 2617 926 2703 principes,
957 2617 1010 2680 ubi
1034 2616 1165 2680 liberius

199 2719 301 2761 meos
324 2718 343 2761 o
366 2719 458 2762 rmus.

160 2799 186 2840 ιο
262 2781 377 2847 LXIX.
425 2781 589 2867 Cepistit
591 2807 684 2849 amen
711 2789 744 2849 et
771 2785 903 2850 affectus
931 2785 1032 2850 nostri
1061 2786 1128 2848 et
1120 2806 1166 2848 ιιι-

199 2867 275 2932 dicii
308 2867 576 2966 experimentum,
613 2872 771 2954 quantum
806 2871 979 2933 maximum
1015 2889 1166 2952 praesens

200 2973 312 3035 capere
334 2952 465 3035 potuist
456 2976 483 3037 1,
512 2953 568 3018 illo
591 2954 641 3018 dic
668 2977 731 3038 quo
760 2953 969 3018 sollicitudini
991 2953 1168 3036 pudorique

270 3175 332 3223 let
350 3189 382 3224 ex
400 3174 574 3225 utilitate-
592 3177 683 3225 2rem
700 3174 838 3241 publicam
856 3192 901 3227 om.
919 3176 973 3224 BV
994 3172 1004 3240 ΙΙ
1025 3177 1041 3224 2
1060 3179 1087 3224 te
1104 3176 1170 3225 bene

160 3255 163 3260 ·
202 3242 220 3288 c
249 3239 253 3303 Ι
277 3243 418 3304 regersG.
435 3243 472 3292 H.
492 3243 661 3306 Sellaeferus:
686 3257 780 3308 gerere
796 3244 824 3291 Π
851 3245 855 3306 Ι
882 3259 944 3294 cum
961 3247 1071 3294 seruent
1089 3246 1106 3292 (ι
1123 3243 1169 3291 Ἧι

201 3313 365 3359 conseruent
381 3310 402 3358 B
421 3311 443 3358 V
463 3309 473 3375 ll
494 3313 510 3360 8
528 3309 705 3360 merebantur
721 3312 761 3372 1,
780 3314 888 3362 correns·
910 3309 920 3376 ss
946 3314 977 3361 10
1013 3311 1168 3376 uisquisg:

203 3374 318 3438 quisque
334 3378 362 3424 1
379 3374 389 3440 ll
412 3379 444 3426 14
462 3378 515 3427 sibi
533 3393 588 3428 non
605 3378 638 3426 Ἧ
650 3375 660 3441 ΙΙ
672 3379 704 3426 21
724 3393 759 3428 ac
774 3379 795 3427 B
813 3380 859 3428 Ἧι
879 3384 905 3428 at
923 3381 941 3427 0
959 3379 981 3426 V
996 3327 1058 3442 ll23
1075 3377 1170 3442 depre-

202 3440 352 3494 hendentes
370 3445 390 3492 B
409 3442 452 3509 Vll
470 3446 503 3493 26
522 3459 582 3494 cum
600 3460 647 3496 om
666 3447 684 3493 c
702 3443 712 3510 ll
729 3447 762 3496 27
780 3448 975 3511 temperantius
994 3443 1087 3510 01128
1105 3445 1170 3495 libe·

203 3509 259 3558 rius
278 3512 351 3560 edd:
370 3509 510 3562 liberalius
528 3514 556 3560 1
572 3510 582 3576 11
600 3513 632 3562 32
653 3511 713 3562 ideo
732 3511 780 3562 illo
800 3513 844 3564 die
863 3513 895 3562 Ἧ
