2578 4000
202 161 264 225 184
396 161 474 211 vm..
497 160 644 212 INOERTI
663 159 833 212 GRATIAR.
852 157 962 211 ACTIO
992 151 998 160 ’

199 312 278 376 tiam
312 309 458 374 sensibus
486 309 550 374 tuis
583 313 635 393 ut,
673 307 937 394 quemadmodum
966 311 1171 393 praestantes

200 395 336 460 scientia
363 393 479 459 medici
508 415 576 459 non
604 398 816 479 aspernantur
846 393 982 457 uulnera
1009 393 1170 477 inspicere

200 501 280 563 quae
300 481 425 563 sanant,
448 479 495 543 ita
515 501 602 544 nunc
623 483 659 543 tu
675 479 838 562 paulisper
858 477 967 542 audias
983 477 1170 542 Aeduorum

200 563 327 628 labores
350 585 430 647 quos
453 563 620 628 sustulisti.
664 583 769 646 neque
796 562 882 627 enim
904 565 995 645 potes
1024 563 1095 627 sine
1118 585 1170 626 ex·

175 649 379 732 sperimento
415 647 562 712 miseriae
600 648 641 713 ad
670 647 796 712 laudem
833 647 1022 711 clementiae
1058 669 1169 730 perue-

199 734 280 797 nire.
323 729 448 798 iacebat
475 731 532 797 illa
557 732 670 797 ciuitas
697 753 765 796 non
785 736 852 796 tam
876 731 1041 795 moenium
1067 730 1171 796 ruinis

186 830 296 901 'quam
317 817 436 882 uirium
459 816 638 882 defectione
658 819 828 901 prostrata,
852 836 976 898 exque
999 837 1070 882 eam
1093 818 1168 880 noui

202 922 316 965 consus
339 901 539 966 exanimaret
560 902 730 966 acerbitas.
760 922 820 965 nec
841 903 949 964 tamen
971 901 1057 964 iuste
1080 903 1169 986 queri

199 987 337 1069 poterat,
360 1007 432 1050 curn
454 989 487 1050 et
509 1007 611 1070 agros,
635 987 689 1069 qui
708 985 853 1069 discripti
875 985 1013 1067 fuerant,
1036 984 1169 1050 habere-

162 1091 187 1130 ιο
200 1091 271 1134 mus
294 1072 327 1134 et
342 1071 505 1134 Gallicani
520 1091 633 1135 census
650 1071 811 1135 communi
826 1069 964 1134 formula
977 1071 1169 1149 teneremur,

200 1155 254 1236 qui
276 1153 415 1218 fortunis
442 1155 565 1218 nemini
587 1175 757 1238 possumus
784 1155 923 1238 aequari.
968 1175 1032 1239 quo
1055 1155 1171 1239 magis,

199 1240 390 1322 imperator,
421 1239 608 1304 clementiae
630 1242 706 1304 tuae
728 1239 850 1324 gratias
872 1240 1014 1323 agimus,
1045 1239 1168 1324 quire

199 1323 313 1388 mediis
335 1326 449 1408 sponte
472 1323 633 1388 concessis
655 1324 761 1389 fecisti
782 1327 829 1407 ut,
851 1322 938 1406 quod
958 1344 1026 1386 non
1046 1327 1169 1407 potera-

199 1429 270 1472 mus
293 1408 362 1472 iure
384 1413 511 1493 petere,
534 1410 617 1472 iuste
639 1409 817 1473 obtinuisse
838 1408 1013 1472 uideamur.

160 1509 186 1550 1⁵
263 1491 321 1557 VI.
355 1491 519 1558 Habemus
542 1494 637 1576 enim,
661 1497 697 1556 ut
718 1493 793 1575 disi,
816 1496 848 1557 et
869 1492 1036 1556 hominum
1058 1514 1168 1556 nume-

198 1597 280 1660 rum,
303 1577 357 1659 qui
373 1577 470 1642 delati
485 1581 571 1662 sunt,
596 1582 628 1642 et
642 1598 793 1661 agrorum
814 1576 952 1659 modum,
975 1576 1031 1641 sed
1048 1579 1168 1640 utrum·

199 1680 260 1743 que
293 1681 433 1745 nequam
460 1662 627 1726 homiuum
659 1661 799 1746 segnitia
826 1665 991 1743 terraeque
1020 1661 1166 1744 perfidia.

198 1744 283 1809 unde
313 1747 399 1810 enim
426 1747 520 1812 nobis
542 1745 663 1814 Remus
693 1749 749 1810 aut
770 1745 908 1811 Neruius
936 1748 991 1810 aut
1016 1745 1088 1829 ipse
1115 1746 1168 1809 ille

198 1828 237 1892 de
265 1832 411 1912 proximo
439 1831 639 1896 Tricassinus
667 1852 744 1916 ager
772 1834 829 1896 aut
856 1829 990 1894 arator?
1032 1851 1168 1915 quorum

160 1913 320 1978 mreditus
349 1937 422 1980 cum
443 1915 552 1979 labore
581 1915 789 1981 contendunt.
835 1935 1027 1999 quamquam
1052 1915 1167 1979 mento

198 1998 303 2081 quiuis
325 2000 473 2082 ignoscat
494 1999 573 2083 ipsis
598 1999 787 2082 cultoribus,
810 2021 888 2084 quos
909 2000 1001 2084 piget
1021 1999 1169 2063 laborare

199 2082 268 2144 sine
290 2082 408 2146 fructu.
444 2081 601 2164 siquidem
623 2105 700 2166 ager
722 2084 776 2167 qui
798 2105 973 2168 numquam
995 2084 1171 2167 respondet

197 2164 368 2246 impendiis
410 2187 448 2229 ex
484 2167 675 2240 necessitate
712 2168 882 2251 deseritur,
925 2169 1021 2232 etiam
1058 2169 1170 2253 inopia

197 2249 442 2333 rusticanorum,
466 2250 579 2333 quibus
599 2252 634 2314 in
650 2273 724 2317 aere
740 2253 845 2318 alieno
859 2252 1089 2318 uacillantibus
1110 2274 1168 2317 nec

159 2349 185 2390 st
199 2353 297 2416 aquas
320 2334 473 2399 deducere
495 2356 557 2400 nec
579 2335 675 2401 siluas
697 2337 971 2402 licuitexeidere:
1007 2337 1055 2401 ita
1077 2337 1170 2421 quid·

197 2417 274 2500 quid
295 2418 372 2483 olim
394 2419 501 2484 fuerat
522 2420 700 2486 tolerabilis
722 2422 800 2504 soli,
832 2425 887 2486 aut
910 2424 1098 2504 corruptum
1120 2425 1168 2486 est

197 2501 369 2582 paludibus
392 2507 447 2567 aut
469 2505 612 2568 sentibus
634 2506 834 2591 impeditum.
880 2507 956 2590 quin
979 2505 1077 2571 etiam
1099 2507 1167 2590 ipse

197 2584 251 2647 ille
280 2607 382 2670 pagus
411 2587 611 2672 Arebrignus
647 2591 737 2655 inani
763 2590 877 2654 feritur
905 2589 1042 2670 inuidia,
1078 2591 1167 2656 euius

196 2668 308 2734 infimo
329 2671 400 2735 loco
422 2671 538 2736 uitium
561 2673 685 2739 cultura
702 2675 874 2759 praecipua
897 2678 960 2739 est:
983 2695 1060 2738 nam
1082 2677 1169 2739 retro

266 2878 282 2927 5
298 2877 426 2928 miseriae
440 2879 543 2928 Liuia:
561 2879 764 2930 misericordiae
776 2881 805 2928 1
820 2879 824 2943 Ι
840 2876 886 2945 ad]
905 2884 932 2929 et
943 2879 966 2927 A
978 2877 1016 2944 Ι6
1034 2880 1167 2930 moenium

196 2946 283 2995 ruinis
292 2945 338 2994 Fr.
351 2945 470 2997 Modica:
482 2945 595 2997 minium
608 2943 739 3011 (menium
749 2945 836 3010 Bert.)
849 2948 969 2998 romanis
982 2945 1069 3010 (nonis
1081 2947 1166 3008 Bert.)

196 3011 223 3057 Η
236 3010 245 3077 Ι
257 3015 274 3063 8
287 3013 458 3064 examinarat
469 3013 493 3061 A
505 3009 515 3077 Ι
528 3016 543 3064 9
557 3013 691 3079 descripti
702 3016 738 3075 H,
751 3019 859 3066 correxi
875 3013 880 3080 Ι
894 3017 924 3064 11
938 3011 996 3080 qui]
1010 3017 1094 3065 malim
1107 3016 1167 3080 quis

198 3074 201 3140 Ι
222 3080 334 3142 aequari
367 3081 519 3146 comparari
529 3077 624 3144 Bertl
642 3084 675 3132 20
693 3080 817 3132 redditus
829 3084 857 3131 H
891 3085 922 3132 21
943 3082 1033 3146 quiuis
1051 3094 1090 3130 w:
1109 3083 1166 3146 qui·

195 3146 240 3194 uis
257 3147 283 3196 si
294 3149 322 3194 H
356 3149 389 3196 22
406 3145 624 3213 respondentAl
642 3151 675 3198 25
693 3148 759 3212 quid
778 3151 825 3212 qui
836 3150 876 3216 ΔΙ
894 3153 926 3201 27
944 3148 1166 3215 impedimentum

196 3224 281 3272 quum
299 3214 382 3263 etiem
394 3216 418 3264 A
430 3213 440 3280 ΙΙ
453 3216 485 3266 28
503 3215 674 3281 Areprignus
686 3219 719 3265 W
737 3216 887 3283 arebignus
899 3219 917 3266 0
935 3233 982 3268 om.
994 3217 1015 3266 B
1031 3217 1036 3281 Ι
1051 3217 1132 3267 inani
1144 3217 1168 3265 A

198 3274 201 3340 Ι
226 3277 324 3328 feritur
342 3280 483 3333 Cellarius:
501 3282 591 3333 fertur
607 3283 635 3330 1
653 3281 658 3344 Ι
677 3298 760 3333 manu
778 3287 880 3336 seritur
897 3285 992 3334 inuida
1009 3287 1069 3334 edd.
1091 3286 1167 3335 inani

194 3359 246 3394 ser.
265 3345 401 3398 industria
421 3350 630 3415 Eyssenhardlue
656 3348 665 3414 ΙΙ
696 3353 728 3402 29
746 3349 839 3402 infimo
857 3353 918 3404 loco
935 3354 1044 3415 scripsi:
1063 3353 1094 3401 in
1112 3367 1167 3402 uno

194 3410 257 3490 lqco
275 3411 298 3459 A
315 3412 389 3466 Bert.
408 3417 437 3466 in
455 3417 517 3466 loeo
534 3418 555 3467 B
573 3418 590 3466 0
609 3417 631 3464 V
647 3417 680 3464 W
698 3419 727 3467 in
745 3418 799 3468 imo
817 3419 878 3470 loco
896 3421 1029 3470 Liuineius
1052 3417 1057 3483 Ι
1086 3435 1166 3484 prae-

195 3493 276 3542 c1pua
294 3482 401 3544 scripsi.-
418 3483 566 3548 perspicua
583 3485 611 3532 H
628 3487 782 3549 perexigua
799 3488 933 3538 Acidaliae
