2586 3996
333 162 546 215 THEODOSIO
565 161 738 214 AUGUSTO
755 163 791 218 D.
812 165 921 214 45-47.
1046 161 1109 226 313

141 312 261 394 liberis,
285 313 392 376 cuncti
413 311 560 395 denique,
583 308 735 396 quod‘est
750 311 883 393 dulcius,
905 311 1110 376 innocentiae

142 397 284 461 restituti
305 400 389 461 sunt.
434 396 520 479 uide,
542 397 730 479 imperator,
758 395 833 479 quid
855 395 916 460 hac
939 395 1110 460 clementia

143 484 332 546 consecutus
355 481 407 545 sis.
440 481 548 544 fecisti
569 485 606 544 ut
622 501 717 544 nemo
740 480 801 544 sibi
816 480 919 544 uictus
934 483 966 544 te
987 480 1109 544 uictore

141 564 296 630 uideatur.
342 564 509 649 spectabas
531 565 612 629 haec
634 586 651 628 e
673 565 737 629 tuis
760 564 911 646 collibus,
934 563 1050 645 Roma,
1077 568 1110 628 et

142 653 276 733 septena
298 671 372 714 arce
394 649 538 714 sublimis
562 649 676 714 celsior
697 649 815 734 gaudio
836 649 998 714 ferebaris.
1122 667 1135 708 s

206 732 319 798 XLVI.
372 734 436 816 Tu,
466 755 547 818 quae
575 737 706 818 experta
733 733 899 800 Cinnanae
926 732 1049 798 furores
1077 736 1110 797 et

142 817 281 882 Marium
309 822 383 901 post
411 818 506 882 exilia
533 818 693 883 crudelem
726 821 760 882 et
786 817 909 883 Sullam
935 820 992 882 tua
1021 817 1109 882 clade

76 963 79 968 .
142 901 281 967 Felicem
310 905 343 966 et
369 901 539 968 Caesarem
567 904 602 978 in
629 906 770 968 mortuos
803 903 1039 967 misericordem
1069 901 1109 965 ad

142 1007 238 1050 omne
274 987 377 1051 ciuilis
414 991 518 1052 motus
555 987 724 1052 classicum
760 987 988 1069 tremesoebas,
1029 1008 1109 1070 quae

142 1073 267 1152 praeter
295 1074 437 1156 stragem
464 1072 601 1136 militum
624 1075 756 1155 utraque
779 1071 1148 1155 tibipartepereun·1o

141 1156 223 1219 tium
245 1157 386 1220 extincta
408 1155 493 1220 domi
521 1159 651 1220 senatus
673 1157 720 1220 tui
742 1157 879 1239 lumina,
908 1155 1021 1220 suffixa
1042 1155 1110 1239 pilo
1169 1173 1172 1180 ·

143 1240 309 1304 consulum
336 1242 459 1325 capita,
490 1239 687 1306 Catonesin
707 1243 842 1303 mortem
871 1242 997 1303 coactos
1020 1242 1109 1302 trun·

142 1344 258 1407 cosque
286 1324 455 1390 Cicerones
488 1327 521 1387 et
547 1324 718 1407 Pompeios
750 1323 883 1387 fleueras
915 1322 1107 1406 insepult0s3

143 1408 194 1471 cui
221 1407 339 1471 damna
362 1408 513 1492 grauiora
541 1408 658 1472 scissus
685 1408 720 1471 in
741 1411 850 1490 partes
878 1407 995 1471 ciuium
1022 1407 1109 1470 furor

142 1511 237 1640 auam
265 1491 368 1573 portis
397 1491 567 1556 imminens
594 1491 723 1556 Poenus
752 1494 808 1555 aut
833 1494 981 1576 receptus
1008 1490 1108 1555 muris
1122 1509 1147 1552 rs

174 1575 255 1639 allus
277 1575 445 1661 intulerat3
470 1577 520 1639 cui
536 1575 672 1640 Alliensi
695 1576 746 1640 die
767 1575 918 1640 Emathia
939 1575 1108 1658 funestior,

143 1658 266 1725 Cannis
292 1659 417 1724 Collina
443 1660 573 1724 feralior
599 1665 668 1724 tam
696 1660 779 1724 altas
807 1660 885 1724 olim
911 1659 1110 1744 reliquerunt

143 1743 306 1809 cicatrices
338 1747 376 1808 ut
404 1744 535 1828 grauius
568 1765 694 1830 semper
709 1748 808 1810 tuam
832 1765 938 1828 ¹quam
970 1743 1109 1808 alienam

142 1832 272 1912 experta
293 1829 447 1894 uirtutem
474 1828 557 1894 nihil
578 1829 639 1894 tibi
665 1829 770 1914 magis
793 1850 889 1913 quam
909 1832 943 1893 te
963 1829 1106 1894 timeres:

140 1913 252 1977 uidisti
281 1913 374 1977 ciuile
397 1913 515 1978 bellum
544 1914 685 1978 hostium
712 1914 822 1992 caede,
852 1913 990 1978 militum
1018 1933 1106 1996 pace,
1121 1931 1147 1972 so

140 1996 252 2062 Italiae
274 1999 531 2084 recuperatione,
562 2001 618 2064 tua
639 1999 788 2063 libertate
809 1998 951 2081 finitum3
987 1997 1107 2080 uidisti,

140 2082 286 2166 inquam,
316 2082 444 2147 finitum
471 2083 565 2148 ciuile
586 2083 706 2148 bellum
734 2083 786 2147 oui
808 2082 976 2147 decernere
997 2103 1109 2166 posses

140 2167 347 2314 triumphum.

204 2249 235 2312 X
263 2249 337 2315 VII.
389 2251 553 2316 Hactenus
588 2255 720 2335 memet,
757 2252 932 2336 imperator
964 2253 1108 2336 auguste,

140 2334 330 2416 praeteritas
357 2355 407 2398 res
429 2339 503 2398 tuas
531 2338 719 2400 attrectasse
747 2335 795 2398 fas
822 2335 930 2399 fuerit.
975 2339 1010 2398 at
1036 2357 1108 2400 cum
1121 2353 1147 2394 25

140 2423 266 2500 tempus
303 2416 475 2483 admoneat
515 2419 698 2486 meminisse
734 2419 968 2503 praesentium,
1011 2419 1109 2483 finem

141 2502 282 2567 sermoni
307 2501 415 2567 facere
440 2503 608 2568 maluerim
629 2524 725 2587 quam
752 2503 787 2568 in
811 2503 1000 2587 amplissimi
1027 2503 1108 2567 ordi-

25 2633 37 2646 „
140 2587 190 2650 nis
218 2608 333 2651 munus
362 2588 525 2654 inuadere.
570 2588 697 2653 dabitur
720 2591 891 2672 utcumque
919 2587 1015 2654 uenia
1036 2589 1108 2672 piae

139 2672 328 2755 temeritati,
359 2671 387 2737 si
416 2695 453 2736 us
516 2694 586 2737 asse
614 2673 810 2756 communia,
842 2694 910 2736 non
937 2692 1108 2754 occupasse

141 2755 304 2820 uideamur
331 2756 446 2820 aliena.
510 2757 624 2820 icuer't
650 2755 746 2839 mihi,
784 2777 865 2840 quse
899 2756 934 2819 in
961 2755 1146 2820 barbarisco

140 2838 292 2924 gentibus
326 2838 591 2924 longinquisque,
607 2838 783 2923 prouinciis
819 2861 878 2923 pro
915 2861 1038 2904 summa
1074 2861 1109 2904 re

211 3064 223 3110 1
242 3062 420 3114 innocentiae
440 3061 511 3126 quod
528 3066 572 3113 est
589 3060 696 3113 dulcius
714 3064 734 3111 B
752 3064 770 3111 0
786 3063 861 3122 VW,
879 3064 974 3112 rectior
990 3063 1014 3110 A
1031 3061 1107 3112 Bert.

140 3126 148 3193 ll
176 3125 235 3192 le]
254 3134 282 3178 et
299 3128 373 3180 Bert.
399 3127 409 3194 ΙΙ
439 3131 534 3194 dtuq3
554 3145 616 3194 exp.
632 3130 696 3178 AV
723 3127 733 3194 ΙΙ
764 3132 796 3180 14
817 3134 897 3196 parte
915 3130 975 3180 sciis
992 3130 1069 3179 furor
1085 3131 1109 3178 A

141 3197 243 3246 ciuium
260 3212 306 3248 oni.
324 3195 399 3248 Bert.
424 3195 434 3262 ΙΙ
465 3200 498 3248 16
513 3196 646 3263 palliensi
663 3199 691 3244 Μ
713 3193 718 3262 Ι
742 3197 787 3247 die
806 3197 913 3247 emacis
931 3198 965 3245 A:
989 3197 1108 3247 diceina·

140 3264 179 3313 tia
196 3265 230 3311 W
247 3263 395 3313 diecmatia
411 3265 433 3312 B
451 3264 473 3312 V
491 3264 534 3314 die
552 3264 692 3315 cinatiatt
718 3262 728 3330 ΙΙ
759 3266 789 3314 17
808 3264 977 3329 reliquerant
993 3277 1019 3313 w
1041 3262 1052 3330 ss
1077 3267 1108 3315 19

139 3331 246 3380 timeris
244 3331 286 3412 j
309 3329 320 3396 ΙΙ
343 3328 507 3396 211talise]
528 3333 631 3383 ciuium
649 3344 674 3379 π
697 3329 708 3396 ΙΙ
737 3333 770 3382 26
789 3331 936 3383 admoneat
952 3332 1107 3382 meminisse

138 3414 175 3463 A:
203 3414 282 3466 admo
300 3415 457 3467 meminisse
475 3417 494 3464 B
511 3417 534 3464 V
557 3415 745 3467 admonuisset
762 3417 779 3466 0
802 3417 838 3466 sit
856 3416 998 3467 admodum
1016 3416 1108 3466 memi-

138 3483 215 3534 nisse
234 3496 259 3531 w
282 3481 292 3548 ss
317 3485 349 3533 29
367 3484 520 3534 temeritati
538 3480 576 3550 si]
595 3485 760 3535 temeritatis
777 3486 805 3532 li
824 3485 974 3535 temeritati
990 3498 1016 3534 w
