2582 3992
336 203 520 256 caussas.
539 203 749 257 Mammam.
769 209 877 258 12-16.
1032 206 1093 271 113

121 374 228 503 tlt?
241 352 995 524 ,sottotlttsttltttttsttd
1008 378 1093 526 {tt

122 522 161 588 de
183 524 295 587 uestro
317 523 435 586 cecinit
456 525 553 607 poeta
574 522 740 588 Romanus
762 523 839 588 Ioue
861 524 961 589 ‘louis
984 525 1093 590 omnia

118 608 242 705 plena’,
277 607 310 670 id
339 607 461 672 scilicet
488 607 595 672 animo
624 607 872 692 contemplatus,
902 630 1092 693 quamquam

121 713 190 776 ipse
213 691 360 776 Iuppiter
388 696 547 757 summum
575 691 655 757 caeli
682 693 845 766 uerticem,
858 696 970 758 teneat
998 713 1121 778 supras

121 776 235 840 nubila
268 797 426 861 supraque
461 780 574 841 uentos
611 776 725 841 sedens
758 778 793 842 in
823 778 894 842 luce
926 781 1091 862 perpetua,

122 881 244 925 numen
276 863 385 926 tamen
417 862 485 925 eius
518 883 556 927 ac
584 865 734 926 mentem·
758 864 827 926 tcto
855 863 997 926 infusam
1024 885 1092 928 esse

120 946 258 1028 mundo,
295 945 328 1008 id
362 966 449 1010 nunc
483 966 543 1031 ego
575 947 615 1010 de
648 949 782 1030 utroque
815 949 958 1012 uestrum
991 946 1092 1012 audeo

121 1029 325 1114 praedicare:
347 1030 539 1114 ubicumque
562 1031 641 1113 aitis,
664 1031 700 1094 in
720 1051 822 1095 unum
844 1031 920 1096 licet
937 1031 1093 1116 palatium

121 1114 359 1197 concesseritis,
401 1114 603 1180 diuinitatem
632 1119 775 1180 uestram
808 1115 934 1200 ubique.
958 1117 1090 1200 uersari,
1106 1135 1131 1176 10

121 1217 235 1263 omnes
267 1201 371 1262 terras
408 1199 576 1282 omniaque
613 1199 715 1266 maria
747 1200 843 1283 plena
879 1221 948 1265 esse
982 1202 1092 1266 uestri.

123 1283 309 1367 quidecim
336 1283 452 1346 mirum
481 1283 524 1365 si,
554 1305 626 1348 cum
647 1285 749 1368 possit
769 1284 823 1349 hic
844 1285 983 1350 mundus
1006 1284 1092 1350 Iouis

120 1387 191 1432 esse
238 1368 345 1452 lanus,
368 1369 472 1452 possit
493 1371 526 1432 et
547 1367 718 1432 Herculis?

186 1451 217 1516 X
253 1499 260 1514 .
304 1453 467 1517 Admonet
495 1473 557 1516 me·
575 1456 608 1516 et
628 1453 782 1536 temporis
809 1455 842 1516 et
863 1453 928 1517 loci
949 1454 1032 1518 ratio
1060 1457 1093 1517 et

121 1537 302 1602 maiestatis
326 1540 402 1601 tuae
428 1537 609 1635 reuerentia
634 1540 672 1600 ut
691 1537 789 1601 finem
817 1537 943 1602 dicendi
964 1538 1131 1636 faciam,15

119 1621 1093 1790 suffittetelmus‚segressus

121 1793 214 1874 potes
243 1789 349 1856 dicere
377 1792 417 1855 de
445 1790 633 1854 salubritate
660 1793 839 1874 temporum
868 1792 900 1854 et
924 1789 1094 1855 lenificata

121 1879 305 1938 terrarum'.
358 1897 471 1940 reuera
510 1876 611 1956 enim,
656 1874 870 1938 sacratissime
909 1875 1092 1958 imperator,

121 1960 241 2024 scimus
269 1981 395 2043 omnes,
426 1963 501 2024 ante
528 1979 623 2042 quam
649 1979 707 2024 uos
735 1959 871 2024 salutem
897 1958 1092 2107 reipublicae
1106 1977 1131 2018 so

121 2043 312 2127 redderetis,
341 2046 462 2129 quanta
487 2044 619 2129 frugum
645 2044 771 2129 inopia,
800 2047 921 2128 quanta
959 2065 1093 2108 onerum

121 2129 217 2212 copia
250 2128 349 2193 fuerit
379 2129 464 2194 fame
490 2128 609 2212 passim
644 2128 826 2213 morbisque
859 2129 1091 2213 grassantibus.

122 2216 160 2277 ut
180 2234 259 2278 uero
282 2212 387 2278 lucem
409 2213 560 2298 gentibus
589 2213 763 2296 extulistis,
793 2213 907 2278 exinde
935 2213 1092 2278 salutares

123 2297 256 2381 spiritus
277 2298 395 2383 iugiter
413 2301 558 2361 manant.
586 2297 694 2362 nullus
713 2317 790 2382 agor
804 2296 888 2361 fallit
903 2298 1090 2382 agricolam,

120 2383 187 2447 nisi
208 2382 295 2466 quod
318 2404 407 2467 spem
433 2382 578 2446 ubertate
601 2383 738 2465 superat.
782 2381 950 2446 hominum
973 2386 1093 2447 aetates
1106 2399 1131 2440 ss
1202 2456 1206 2462 Ι

123 2471 157 2532 et
191 2487 344 2530 numerus
382 2469 549 2551 augentur.
604 2467 759 2550 rumpunt
794 2465 910 2530 horrea
947 2467 1093 2532 conditae
1123 2481 1127 2515 ³

121 2571 257 2636 messes,
296 2553 328 2616 et
358 2553 467 2615 tamen
501 2550 625 2615 cultura
658 2549 850 2633 duplicatur.
904 2551 960 2614 ubi
992 2551 1093 2615 siluae

120 2635 229 2785 ἓυςιθ,
259 2635 325 2699 iam
348 2655 438 2720 seges
461 2637 526 2699 est:
563 2636 712 2699 metendo
736 2637 769 2699 et
790 2635 1018 2700 uindemiando
1041 2636 1092 2700 de-

147 2741 259 2786 c1mus.

186 2804 279 2870 XVI.
322 2803 405 2868 Illud
426 2823 519 2885 nero,
546 2823 612 2866 non
636 2805 827 2888 suggeratur
848 2803 941 2885 licet,
968 2822 1093 2884 quoquo
1106 2819 1132 2860 eo

122 2891 218 2954 modo
245 2889 364 2976 dicam,
393 2892 565 2971 autequam
590 2887 751 2950 desinam:
787 2890 913 2950 tantam
940 2906 1008 2948 esse
1035 2885 1093 2948 im-

191 3131 208 3180 3
221 3128 297 3178 dieo
312 3123 318 3192 1
334 3127 435 3178 cecidit
447 3127 464 3176 (t
478 3125 483 3192 1
498 3126 538 3178 Io.
551 3127 642 3178 omnia
655 3125 740 3192 plena
752 3126 897 3176 Liuineius:
914 3125 990 3175 Iouis
1003 3125 1094 3174 omnia

122 3209 186 3246 esse
204 3196 243 3260 1,
263 3209 324 3246 esse
342 3211 389 3246 om.
408 3195 499 3252 Barac
517 3195 552 3258 cf.
568 3195 645 3259 Uerp.
666 3197 711 3246 ecl.
731 3193 782 3243 III
801 3190 855 3256 601
879 3195 893 3242 'l
912 3193 964 3242 toti
982 3191 1059 3256 Ousp.
1080 3190 1093 3257 ΙΙ

124 3265 157 3314 18
175 3268 255 3329 potes
274 3276 312 3313 w:
331 3267 422 3328 potest
438 3263 466 3310 m
480 3261 485 3326 Ι
499 3262 595 3313 dicere
613 3264 681 3310 cv:
700 3261 800 3311 ducere
811 3261 839 3308 1
874 3262 905 3310 19
925 3260 997 3310 enim
1016 3262 1095 3310 onae

125 3328 130 3396 Ι
145 3345 201 3384 sac.
214 3333 243 3378 Β
259 3327 269 3396 ΙΙ
287 3333 319 3381 21
338 3330 513 3381 reddideritis
528 3331 589 3380 edd.
606 3328 616 3396 ΙΙ
633 3332 666 3380 22
684 3329 767 3379 fuerit
778 3327 953 3379 Sclnourzlua:
970 3327 1025 3378 luit
1035 3327 1062 3374 Π
1081 3324 1093 3391 ll

122 3401 158 3450 25
176 3397 297 3464 aetates]
319 3403 347 3449 et
365 3413 409 3448 ras
421 3397 558 3450 Rhenanus
570 3395 581 3462 ΙΙ
593 3399 625 3448 26
645 3401 763 3462 augetur
779 3397 806 3444 u
822 3393 832 3460 ΙΙ
849 3397 882 3447 28
901 3395 1051 3446 defecimus
1067 3394 1095 3441 Η

126 3463 139 3530 Η
160 3467 194 3518 30
212 3465 346 3532 quomodo
364 3467 391 3514 Π
411 3463 422 3530 ΙΙ
442 3469 473 3516 31
492 3465 614 3516 desinam
632 3479 669 3514 w:
690 3464 820 3514 desinant
838 3464 866 3511 m
884 3461 888 3528 Ι
908 3467 1015 3514 tantam
1035 3474 1099 3511 esse

123 3534 158 3582 W
176 3533 268 3585 Bera:
287 3537 365 3584 tanta
383 3534 475 3584 inesse
493 3534 517 3581 Δ
534 3535 552 3582 0
569 3533 592 3580 V
609 3537 714 3584 tantam
730 3533 823 3584 inesse
840 3532 861 3581 B

171 3624 261 3667 mxc.
274 3634 330 3666 un.
926 3617 943 3664 8
