2572 3990
199 199 219 262 6
523 201 546 252 1.
577 199 607 251 c.
626 198 743 250 amun
761 199 844 250 eru.

197 369 313 412 norum
348 348 567 431 malorumque
596 368 708 412 causae
745 348 804 411 sub
834 345 960 412 diuersa
988 346 1094 432 specie
1121 348 1167 412 le·

198 437 279 497 161111.
1272 477 1273 500 l

240 517 297 581 VI.
314 516 470 602 Magnum
482 517 610 600 quidem
622 516 701 580 illud
713 516 839 582 saeculo
850 515 996 599 dedecus,
1013 537 1165 600 magnum
1272 507 1273 518 ¹

200 601 247 665 rei
280 602 426 686 publicae
456 601 573 665 uulnus
604 600 795 684 impressum
827 604 891 666 est:
929 601 1103 684 imperator
1135 606 1168 664 et

175 686 493 836 tttttttttt
509 685 831 834 tttttuttttt
845 685 1167 852 subsultet:

200 859 406 939 ereptumque
428 854 567 939 principi
589 854 669 918 illud
691 854 725 917 in
740 853 925 938 principatu
938 853 1190 937 beatissimum„

200 940 283 1023 quod
305 937 388 1002 nihil
414 940 550 1024 cogitur.
588 939 615 1003 si
641 942 751 1002 tamen
777 937 858 1002 haec
885 937 954 1002 sola
980 941 1050 1001 erat
1083 939 1167 1002 ratio
1274 959 1275 998 3

200 1044 281 1107 quae
315 1026 347 1086 te
382 1023 531 1107 publicae
563 1023 675 1087 salutis
710 1022 936 1106 gubernaculis
972 1022 1168 1103 admoueret,

162 1132 187 1170 ²⁰
201 1111 379 1256 {titel
399 1107 650 1256 tlattffltt
669 1106 901 1257 tntdttt·
921 1109 1107 1255 :tibet
1120 1112 1169 1254 11

133 1289 137 1298 ’
201 1215 422 1362 contiirgeres3
445 1275 611 1341 inductum
633 1275 805 1359 pessimum
828 1276 1010 1360 exemplum
1031 1213 1169 1359 111οὲ11-

194 1383 289 1425 mum
310 1363 540 1445 opponeretur;
569 1364 730 1444 postremo
758 1363 884 1426 coactns
912 1359 1061 1443 princeps
1090 1381 1168 1444 quos
1275 1359 1276 1366 '

199 1446 332 1510 nolebat
358 1444 501 1510 occidere
528 1447 565 1509 ut
592 1445 684 1510 daret
709 1445 888 1529 principem
916 1443 970 1527 qui
999 1445 1071 1528 cogi
1101 1465 1168 1508 non

164 1549 189 1590 15
202 1533 322 1613 posset.
354 1531 432 1594 olim
454 1533 489 1593 tu
512 1529 646 1614 quidem
662 1529 806 1613 adoptari
828 1528 1004 1612 merebare3
1028 1529 1082 1593 sed
1113 1550 1167 1594 ne-

200 1615 369 1679 scissemus
398 1618 555 1698 quantum
577 1614 637 1678 tibi
660 1614 790 1680 deberet
822 1613 1001 1698 imperium,
1037 1612 1064 1676 si
1092 1617 1168 1677 ante

200 1699 370 1783 adoptatus
386 1721 482 1765 esses.
518 1701 721 1783 expectatum
736 1702 785 1764 est
806 1702 1009 1781 tempusque
1031 1697 1169 1780 liqueret

199 1804 265 1848 non
305 1789 371 1849 tam
412 1785 573 1868 accepisse
613 1787 646 1848 te
674 1784 864 1849 beneficium
892 1803 988 1864 quam
1022 1780 1168 1846 dedisse:

201 1869 349 1954 confugit
371 1869 406 1933 in
428 1869 535 1933 sinum
556 1872 821 1955 tuumlconoussa
841 1887 891 1931 res
907 1865 1036 1949 publiea
1058 1887 1168 1930 ruens·

153 1973 187 2012 -ao
200 1974 261 2037 que
289 1953 459 2037 imperium
492 1973 587 2036 super
618 1953 844 2034 imperatorem
876 1949 1080 2033 imperatoris
1107 1950 1168 2014 tibi

200 2058 279 2101 uoce
302 2037 443 2102 delatum
466 2039 524 2100 est.
568 2035 757 2119 imploratus
785 2033 956 2118 adoptione
987 2038 1020 2098 et
1047 2035 1167 2099 accitus
1278 2065 1279 2080 ¹

202 2142 245 2199 es,
274 2125 311 2184 ut
338 2121 415 2185 olim
443 2121 538 2184 duces
567 2119 680 2205 magni
706 2143 726 2185 a
752 2118 930 2204 peregrinis
965 2119 1168 2203 externisque
1278 2137 1279 2164 ³

201 2204 293 2268 bellis
317 2205 356 2268 ad
379 2226 473 2289 opem
494 2203 619 2288 patriae
646 2203 809 2270 ferendam
836 2203 980 2268 reuocari
1008 2203 1167 2268 solebant.

200 2290 247 2352 ita
273 2289 357 2353 filius
384 2311 421 2354 ac
454 2310 570 2373 parens
604 2310 669 2353 uno
703 2289 875 2373 eodemque
908 2291 1071 2352 momento
1099 2310 1168 2352 rem

162 2395 187 2434 aa
201 2374 371 2438 maximam
399 2375 538 2439 inuicem
569 2374 792 2458 praestitistis:
820 2374 875 2437 ille
904 2373 964 2437 tibi
996 2372 1169 2456 imperium

202 2457 299 2541 dedit,
321 2471 357 2522 tu
378 2459 425 2523 illi
447 2459 623 2523 reddidisti.
654 2461 740 2524 solus
764 2479 840 2543 ergo
865 2457 905 2521 ad
927 2457 989 2521 hoc
1010 2457 1082 2521 aeui
1109 2478 1168 2540 pro

200 2564 332 2607 munere
360 2546 452 2608 tanto
481 2544 572 2626 paria
600 2543 784 2626 accipiendo
813 2542 928 2626 fecisti,
957 2542 1055 2605 immo
1084 2541 1169 2604 ultro

201 2627 330 2690 dautem
353 2627 523 2712 obligasti:
552 2628 786 2693 communicato
815 2627 901 2691 enim
922 2624 1058 2710 imperio
1081 2625 1168 2689 solli·

201 2711 295 2775 citior
316 2715 363 2793 tu,
386 2711 440 2776 ille
463 2712 603 2776 securior
625 2712 730 2777 factus
744 2716 810 2778 est.

161 2807 187 2848 ⁸⁰
254 2796 326 2862 Vll.
344 2796 371 2862 Ο
384 2818 503 2862 nouum
515 2799 609 2881 atque
620 2797 799 2862 inauditum
810 2795 851 2860 ad
860 2795 1078 2879 principatum
1090 2793 1167 2860 iter!

199 2903 266 2946 non
287 2887 320 2945 te
341 2882 474 2966 propria
496 2882 665 2967 cupiditas,
687 2883 835 2968 proprius
856 2884 970 2963 metus,
993 2879 1048 2943 sed
1064 2879 1169 2943 aliena

200 2967 334 3050 utilitas,
359 2967 483 3032 alienus
504 2968 600 3033 timor
621 2967 802 3052 principem
816 2965 903 3029 fecit.
931 2964 1068 3028 uidearis
1091 2963 1169 3028 licet

223 3050 286 3115 uod
315 3053 364 3115 est
396 3052 628 3137 amplissimum
662 3054 852 3118 consecutus
885 3049 970 3113 inter
1010 3046 1167 3130 homines,

200 3071 325 3198 latinius
353 3137 462 3200 tamen
488 3139 556 3200 erat
585 3136 664 3200 illud
680 3136 765 3219 quod
787 3132 962 3216 reliquisti:
996 3132 1054 3196 sub
1082 3133 1168 3199 bono

201 3218 346 3301 principe
367 3221 511 3302 priuatus
534 3241 603 3284 esse
625 3220 744 3284 desisti.
787 3221 969 3300 assumptus
998 3236 1032 3280 es
1060 3217 1096 3282 in
1124 3217 1170 3282 la·
1186 3273 1213 3326 *s
1242 3251 1249 3260 ·

270 3393 285 3440 6
305 3390 427 3440 oblatae
451 3389 461 3456 ΙΙ
485 3394 500 3442 7
520 3391 772 3457 principatumBV
795 3389 800 3456 Ι
830 3390 953 3453 89rutio
971 3387 1002 3436 W
1026 3385 1036 3452 ΙΙ
1062 3391 1094 3438 12
1114 3394 1170 3456 opt.
1235 3307 1250 3444 1

200 3457 412 3521 imponerentd
436 3456 445 3524 ΙΙ
471 3461 502 3509 15
521 3460 612 3509 neseis
636 3461 778 3509 seuiumc
808 3456 812 3524 Ι
838 3459 869 3506 17
893 3461 1000 3520 tempus
1023 3455 1052 3503 in
1077 3472 1131 3521 quo
1154 3459 1172 3506 c
1236 3472 1245 3498 r

200 3538 226 3572 w
249 3521 259 3589 ΙΙ
284 3525 316 3574 19
333 3539 414 3576 ruens
433 3526 498 3590 imp.
516 3527 549 3574 W
572 3523 582 3590 11
605 3525 731 3598 liuline
748 3527 781 3576 W
799 3527 826 3577 0.
1241 3498 1270 3690 ὶ
