2572 3990
496 191 712 246 PRAEFATIO.
1037 192 1091 244 Vll

121 351 192 430 tigit
213 349 296 409 hunc
318 366 510 409 communem
523 347 670 408 librorum
691 365 708 416 ς
729 347 847 406 fontem
869 346 998 426 aperire,
1023 366 1091 406 cum

122 437 156 495 in
177 435 239 494 fine
252 433 520 513 peregrinationis
541 433 702 493 Romanae
716 430 902 492 Vaticanum
924 431 1005 492 1775
1026 428 1090 509 (W)

121 519 276 598 inspicere
296 519 413 578 liceret.
448 518 502 596 qui
523 515 603 576 liber
624 537 661 576 eo
683 513 828 576 notabilis
851 515 1002 594 estquod
1025 516 1092 594 plu-

121 604 213 664 rimos
235 603 385 664 lectiones
408 620 427 660 a
448 609 619 662 correctore
638 599 757 661 librarii
778 601 901 678 aequali
922 602 956 660 in
978 601 1093 668 rasuris

122 689 253 768 scriptas
287 685 335 764 (w
362 695 438 747 note
466 707 485 746 s
512 685 601 746 nobis
629 681 834 764 significatas)
863 683 966 746 hebet.
1010 685 1092 746 ubi-

123 792 281 851 cumque
314 780 440 832 autem
467 789 491 842 ς·
518 791 536 830 s
566 770 710 830 ceteris
737 769 852 830 libris
885 769 1090 841 recedunt,

125 857 355 935 discrepans
382 855 500 916 lectio
528 856 568 914 in
596 853 635 915 W
663 875 681 914 c
712 861 932 915 correctore
966 853 1092 914 inlata

123 941 342 1018 inuenitur,
375 940 437 1000 nisi
464 939 560 1018 quod,
595 947 630 999 ut
656 939 722 1000 fere
750 939 797 1012 fit,
831 939 865 997 in
894 957 910 1009 ς
941 947 972 998 et
998 939 1092 998 inter·

123 1026 241 1105 polatio
264 1033 294 1086 et
309 1024 564 1103 interpolatorum
578 1023 745 1084 lectionum
768 1023 921 1102 corruptio
936 1021 1093 1082 interdum

122 1110 253 1170 ulterius
274 1109 432 1189 processit.
460 1127 502 1168 ne
524 1109 594 1187 quis
616 1109 699 1170 euim
720 1107 874 1170 existimet
887 1107 927 1169 W
941 1108 983 1168 sd
998 1125 1094 1166 unum

123 1195 260 1272 aliquem
282 1215 321 1254 ex
335 1212 353 1264 ς
366 1193 453 1253 libris
475 1211 543 1253 esse
565 1201 742 1266 correctum,
766 1213 831 1253 non
845 1190 924 1252 illud
940 1211 1094 1271 opponam

123 1277 164 1340 W
184 1277 260 1338 mihi
281 1279 383 1339 saltim
404 1278 497 1357 paulo
523 1278 729 1356 antiquiorem
750 1297 820 1338 esse.
840 1275 942 1338 uideri
964 1296 1056 1355 quam
1079 1294 1095 1346 ς

125 1381 247 1436 omnes,
279 1363 334 1422 scd
357 1363 511 1422 nonnulle
538 1362 664 1423 silerem
692 1362 835 1442 exemplu
856 1359 966 1440 quibus
995 1381 1035 1422 ex
1055 1359 1095 1420 W

125 1449 249 1508 fluxisse
272 1465 288 1518 ς
310 1449 478 1508 euincctur.
506 1447 602 1524 igitur
622 1465 695 1526 pen.
714 1445 767 1508 III
790 1449 808 1506 6
829 1445 880 1506 fin.
904 1447 937 1504 in
960 1463 976 1516 ς
996 1445 1094 1506 hebes

126 1533 169 1592 ‘et
195 1551 252 1592 suo
279 1541 411 1611 uterque
436 1531 544 1592 finitur
567 1538 600 1590 et
628 1531 779 1592 consortis
805 1529 963 1610 imperio':
1000 1530 1034 1590 in
1056 1529 1095 1591 W

128 1616 254 1676 difficile
278 1614 444 1695 dignoscas
466 1615 548 1675 sitne
570 1613 697 1675 ‘finitur'
719 1635 769 1686 sn,
793 1615 878 1693 quod
898 1615 1020 1675 intenta
1043 1613 1095 1674 de·

125 1720 206 1759 mum
233 1700 391 1760 oculorum
419 1700 485 1758 acie
510 1699 645 1757 intuenti
671 1698 747 1757 mibi
769 1700 926 1778 apparuit,
958 1699 1093 1758 ‘fruitur'

126 1787 282 1864 scriptum.
305 1817 343 1828 -
366 1803 439 1862 pen.
454 1783 485 1844 V
508 1783 526 1842 2
549 1782 591 1844 in.
614 1781 735 1862 ‘captus
757 1783 874 1842 scilicet
895 1801 951 1842 rex
971 1783 1095 1842 ferocis-

126 1869 222 1929 simae
243 1869 391 1928 nationis'
413 1887 476 1928 uox
491 1867 632 1928 ‘scilicet’
650 1866 704 1940 its,
726 1875 761 1926 ut
782 1867 905 1944 saepius
928 1867 961 1925 in
975 1863 1024 1938 W,
1045 1863 1095 1926 sb-

126 1951 267 2014 breuiets
295 1952 375 2019 ‘scis’
403 1953 460 2012 tuli
486 1951 618 2012 ridiculo
651 1951 685 2010 in
711 1968 727 2020 ς
753 1952 849 2010 errori
875 1969 983 2013 ensem
1009 1949 1097 2012 dedit

126 2035 247 2116 ‘ceptus
274 2035 357 2096 Scim
382 2037 460 2096 rex'.
493 2051 536 2080 —·
569 2035 611 2096 ib.
635 2037 654 2095 3
683 2037 718 2095 in
745 2037 789 2096 eis
816 2054 897 2113 quse
923 2035 957 2094 in
985 2035 1096 2096 ceteris

126 2120 212 2182 libris
235 2120 365 2200 integris
386 2121 432 2182 its
452 2121 569 2181 tradite
590 2129 663 2182 sunt
684 2117 757 2180 ‘nec
778 2120 852 2191 ipsis
867 2126 988 2180 tentum
1009 2119 1095 2183 feuc-

127 2207 187 2266 nis'
210 2205 250 2266 W
271 2204 393 2266 litterae
416 2205 460 2264 ‘u’
488 2205 522 2266 in
544 2205 593 2266 ‘ti'
618 2204 822 2283 diremptione
843 2203 927 2264 haud
949 2225 1020 2264 rora
1041 2203 1096 2274 ‘fe-

126 2290 233 2351 tionis'
256 2289 397 2362 exhibet,
428 2289 514 2350 unde
538 2290 716 2368 corruptela
736 2289 829 2350 letius
856 2296 1003 2368 serpente
1025 2288 1058 2347 in
1081 2305 1097 2358 ς

127 2374 297 2434 ‘factionis’
321 2374 437 2433 fuctum
458 2383 516 2434 est.
548 2405 590 2416 -
622 2373 672 2434 XI
694 2373 736 2434 30
761 2376 813 2432 ‘ne
836 2372 1004 2438 inhonores
1027 2391 1097 2432 con-

127 2459 313 2519 temnerent’
337 2478 392 2537 pro
414 2455 478 2519 ‘ne’
503 2475 519 2528 ς
541 2459 598 2518 ‘ut'
621 2457 763 2520 trudunt:
801 2457 835 2517 in
856 2457 896 2518 W
919 2457 982 2518 ‘ne'
1006 2456 1097 2518 simil-

127 2543 233 2604 limum
256 2552 303 2604 est
323 2542 371 2602 illi
394 2542 462 2603 ‘ut'.
492 2573 535 2588 ·-
568 2552 702 2605 ceterum
729 2549 853 2620 praeter
873 2541 1098 2602 Durlecensem

127 2627 366 2688 Riccardisnum
379 2627 566 2688 Vaticanum
580 2627 661 2688 3461
679 2626 752 2697 ede
774 2626 921 2687 familiam
939 2625 1099 2704 pertinent

129 2721 160 2772 et
182 2710 280 2772 codex
303 2711 569 2792 Guelferbytanus
592 2709 675 2773 eus.
697 2711 753 2784 45,
784 2711 870 2772 cuius
892 2710 1042 2771 lectiones
1064 2711 1097 2768 in

128 2796 276 2856 Plinicns
297 2797 439 2856 cretione
452 2795 584 2870 Keilius,
606 2796 640 2856 in
663 2795 774 2856 ceteris
788 2794 955 2856 Amtrenii
978 2803 1008 2854 et
1023 2794 1046 2855 J
1048 2814 1097 2854 ee-

129 2900 221 2959 gerus
250 2879 474 2954 exhibuerunt,
503 2889 536 2940 et
557 2881 610 2940 ille
631 2879 711 2940 liber
733 2897 825 2958 quem
850 2887 988 2941 ueterem
1010 2897 1099 2938 suum

129 2973 221 3026 uocet
241 2965 410 3024 Puteanus.
445 2985 537 3043 porro
560 2983 599 3024 ex
620 2981 637 3034 ς
657 2964 813 3022 fluxemnt
834 2971 981 3040 excerpts
994 2961 1099 3024 Uossii

130 3048 167 3108 sb
190 3048 372 3110 Amtceniis
394 3048 543 3110 adbibita.

144 3157 158 3170 κ
192 3131 297 3194 Libris
323 3131 520 3214 interpolatis
541 3132 642 3195 missis
670 3132 731 3191 ism
751 3131 828 3211 quid
851 3131 1100 3212 dereliquerunt

130 3214 167 3293 (B
179 3215 302 3295 ΟΠ)
323 3217 415 3278 turbs
434 3218 633 3280 sternendum
652 3217 693 3276 sit
708 3215 841 3296 agedum
860 3215 1031 3280 uidesnus.
1058 3236 1100 3276 ex

129 3319 192 3360 nno
205 3310 309 3364 entem
320 3303 488 3384 archetypo
500 3323 556 3364 eos
565 3301 752 3383 profluxisse
764 3319 870 3370 omnes
886 3321 955 3362 cum
966 3303 1035 3380 ipss
1045 3301 1100 3360 illa

131 3385 163 3444 in
186 3383 308 3448 mendis
329 3387 423 3466 longe
444 3387 584 3468 plurimis
607 3387 770 3446 consensio
792 3386 869 3454 mire
888 3386 1012 3459 doceat,
1035 3394 1100 3444 tum

132 3467 248 3530 diserto
259 3471 388 3534 Ioannis
398 3471 554 3552 Antiopae
565 3471 743 3532 testimonio
760 3478 890 3531 constet.
913 3470 1004 3530 huius
1018 3469 1100 3531 enim
