2586 3996
216 185 279 249 286
539 187 601 236 xrr.
633 183 765 236 Pscnrr
782 185 863 233 nnn.

217 357 285 400 non
313 334 462 400 habebat.
506 333 735 398 renuntiantur
766 333 860 398 amici
894 336 968 396 ante
1003 333 1085 398 filios
1114 337 1187 400 tuos

220 419 380 568 offinsulea
415 420 489 503 quis
522 440 589 483 non
616 421 766 502 poterant
792 418 864 502 plus
894 438 962 481 essa
990 439 1086 500 quam
1115 439 1188 484 con-

218 526 233 568 s
268 525 312 568 es.

281 587 386 654 XVII.
428 589 492 652 Eat
512 609 599 653 nunc
622 588 672 652 sui
694 587 887 652 ostentatrix
909 589 1056 651 uetustas
1079 590 1113 652 et
1134 587 1189 652 illa

193 672 395 738 smnumeris
406 672 586 737 litterarum
601 672 734 756 uulgata
750 669 954 736 monimentis
969 670 1069 736 iactet
1085 693 1189 736 exem·

219 757 281 841 pla.
311 756 449 822 Pirithoi
470 756 566 821 fidam
580 757 744 841 praedicet
765 760 798 820 et
813 756 1019 820 decantatum
1041 756 1189 822 omnibus

220 842 323 905 scenis
357 841 497 905 Phocaei
529 841 655 906 iuuenis
688 840 796 905 laudat
828 839 982 922 officium3
1024 839 1190 904 Pinthiam

219 926 327 1008 etiam,
350 926 377 989 si
399 925 534 1008 uidetur,
557 925 643 990 dicat
665 928 698 989 et
714 924 871 1007 Demens,
894 945 1028 1008 quorum
1051 925 1190 989 alterio

220 1009 315 1073 amici
337 1013 473 1073 mortem
501 1031 535 1072 se
557 1010 671 1074 uadem
700 1009 846 1093 obtulit,'
862 1010 943 1073 alter
965 1009 1006 1072 ad
1029 1009 1114 1073 diem
1136 1032 1189 1074 ua·

183 1113 208 1152 10
221 1093 314 1157 datae
341 1094 452 1157 mortis
481 1094 629 1158 occurrit.
673 1097 709 1157 ut
730 1093 809 1158 hacc
836 1115 903 1158 esse
926 1115 1002 1158 uera
1025 1093 1190 1159 credamus

220 1199 301 1326 guae
329 1176 504 1243 mendaciis
530 1181 639 1242 uatum
667 1179 702 1242 in
725 1179 856 1262 plausus
884 1181 995 1260 aptata
1023 1199 1192 1243 causarum

244 1262 316 1327 dem
337 1263 473 1346 tempori
496 1262 623 1345 debent,
648 1285 728 1326 num
750 1266 914 1346 praestare
938 1263 1096 1327 credendo
1118 1262 1191 1347 plus

222 1368 388 1430 possumus
411 1369 507 1431 quem
528 1352 566 1412 ut
587 1349 667 1412 istos
689 1348 743 1432 qui
766 1347 924 1412 amicitiae
942 1347 1036 1411 laudo
1060 1368 1191 1412 censen·

221 1437 275 1494 tur
295 1431 468 1496 amicorum
483 1432 581 1496 fuisse
602 1454 697 1516 quam
717 1432 766 1496 sui
782 1432 1002 1517 diligentiores
1020 1431 1191 1515 putemus?

185 1532 209 1573 1⁶
222 1516 278 1580 sed
311 1538 382 1580 cum
416 1516 605 1580 instituente
637 1521 754 1580 natura
781 1516 853 1600 plus
883 1516 951 1580 fere
979 1516 1063 1580 filios
1097 1539 1192 1601 quam

221 1601 454 1685 nosmetipsos
477 1601 648 1686 diligamus
655 1649 664 1684 ‚
695 1623 790 1666 omns
813 1601 914 1665 uincit
935 1601 1117 1684 exemplum
1139 1602 1192 1685 qui

139 1723 140 1728 κ
223 1685 341 1749 amicos
373 1685 423 1749 his
452 1686 605 1769 praetulit
633 1707 711 1769 quos
747 1685 808 1750 sibi
834 1685 1048 1769 praeferebat.
1097 1689 1131 1750 et
1158 1688 1192 1748 tu

223 1770 350 1852 quidem
366 1770 406 1833 ad
422 1771 657 1834 exonerandam
672 1769 856 1834 debentium
871 1769 1097 1834 uerecundiam
1113 1792 1193 1853 quae

222 1855 258 1917 in
283 1859 356 1918 tuos
386 1853 513 1918 confers
540 1876 606 1919 non
634 1855 684 1918 uis
711 1854 812 1918 uideri
835 1857 1011 1938 praestare,
1041 1854 1097 1918 sed
1125 1855 1193 1918 red·
1268 1873 1269 1894 ³

186 1955 211 1995 ³0
224 1938 306 2002 dere.
350 1961 499 2024 geramus
522 1939 582 2003 tibi
604 1961 725 2004 morem
749 1942 781 2003 et
803 1939 1029 2003 beneficiorum
1052 1960 1193 2003 summas

223 2025 351 2086 tuorum
378 2044 437 2106 pro
460 2027 515 2088 tua
543 2024 707 2087 uoluntate
732 2025 900 2105 ducenteS,
931 2023 1080 2107 quicquid
1103 2023 1193 2087 fami·

224 2106 356 2173 liaribus
369 2107 434 2170 tuis
449 2107 575 2190 tribuis,
598 2128 663 2171 non
690 2107 836 2191 expendi,
861 2107 916 2171 sed
933 2107 1038 2190 potius
1060 2107 1195 2192 rependi
1267 2135 1268 2164 t

223 2194 382 2273 putemus.
427 2190 590 2254 enimuero
615 2213 687 2255 cum
709 2191 822 2256 leuiter
845 2193 991 2276 cognitos
1016 2192 1196 2256 autetiam
1267 2167 1268 2252 l

225 2272 322 2338 semel
336 2274 423 2339 uisos
444 2273 496 2338 his
510 2274 687 2340 honoribus
705 2276 791 2341 ditas
813 2278 926 2360 quibus
949 2279 982 2341 et
1003 2276 1101 2341 amici
1124 2299 1197 2360 pos·

186 2374 212 2416 2⁵
225 2363 297 2424 sent
319 2381 387 2424 essa
411 2361 569 2425 contenti:
592 2383 700 2426 nonne
720 2360 871 2426 omnibus
893 2362 940 2425 uis
956 2361 1094 2445 probare
1117 2361 1196 2425 ami-
1266 2415 1267 2428 ,

225 2466 297 2509 cum
318 2444 378 2509 tibi
401 2465 470 2509 esse
493 2445 547 2529 qui
568 2445 670 2510 bonus
693 2445 757 2510 sit?
781 2446 958 2529 cuicunque
982 2445 1059 2529 quid
1074 2445 1198 2529 publici
1266 2429 1267 2514 l

224 2528 412 2592 mandatum
432 2529 530 2592 fuerit
551 2529 659 2612 officii,
683 2531 861 2613 praemium
882 2529 1057 2614 spondetur
1080 2534 1113 2594 et
1128 2529 1199 2594 red·

225 2612 320 2677 ditur.
368 2612 429 2677 sibi
457 2611 673 2678 humilitatem
709 2617 741 2678 et
767 2616 915 2678 tenebras
950 2635 1024 2678 suas
1058 2615 1201 2698 imputet
1265 2627 1266 2632 ’

226 2697 333 2762 iacens
355 2698 457 2762 uirtus
479 2719 559 2782 quae
581 2719 648 2762 non
669 2697 786 2763 obtulit
808 2721 842 2764 se
863 2697 1071 2782 probandam.
1112 2699 1201 2783 quod

188 2799 213 2840 ³⁰
226 2782 442 2931 {onscientiae
469 2787 542 2846 tuae
575 2783 709 2868 sufficit,
742 2783 918 2848 honoratus
950 2804 984 2846 es
1034 2781 1088 2866 qui
1125 2805 1201 2866 pro-

248 2869 329 2932 atus.
1264 2889 1265 2902 ¹

226 3020 430 3032 ——-—----..

291 3109 308 3155 4
331 3111 453 3157 uetustas
477 3113 503 3157 at
522 3120 558 3155 w:
586 3112 696 3157 uetusta
720 3107 809 3158 sedd
831 3111 958 3156 uetustas
981 3107 1031 3157 sed
1053 3107 1074 3155 B
1093 3109 1112 3155 0
1130 3109 1154 3155 V
1189 3105 1200 3168 ir

226 3175 242 3222 6
263 3173 386 3224 Perithoi
404 3175 437 3222 W
466 3171 476 3239 ΙΙ
506 3174 675 3239 ‘lpinthism
691 3177 714 3224 Α
731 3176 751 3222 B
771 3175 804 3222 V:
829 3174 966 3224 Phithiam
984 3173 1017 3222 W
1041 3174 1162 3239 pithiam
1187 3177 1204 3223 G

229 3235 241 3302 ll
261 3241 277 3288 9
295 3248 380 3291 morte
397 3243 432 3303 Η,
450 3257 518 3294 corr.
539 3243 674 3292 Acidaliae
698 3239 708 3308 ll
733 3243 764 3290 16
782 3242 870 3291 uincit
887 3240 910 3290 A
927 3243 961 3291 V:
981 3242 1050 3290 uicit
1069 3243 1170 3291 BGW
1190 3239 1203 3306 ll

228 3306 259 3354 17
283 3311 311 3356 et
332 3309 481 3359 Acidaliur:
510 3308 558 3359 ssd
581 3311 609 3356 Η
638 3307 648 3374 ΙΙ
677 3311 710 3358 22
732 3309 823 3372 potius
846 3311 893 3360 sod
913 3311 953 3370 Π,
975 3317 1110 3374 transpos.
1131 3309 1207 3358 Liui·

226 3375 297 3421 neius
326 3371 336 3437 ΙΙ
365 3378 399 3425 24
420 3377 503 3426 semel
520 3385 581 3440 post
598 3376 747 3426 honoribus
764 3379 847 3426 iterat
863 3380 894 3434 0,
917 3379 983 3426 rande
1001 3376 1098 3427 honor.
1118 3376 1207 3428 simul
1262 3429 1263 3442 χ

226 3441 285 3488 edd.
310 3438 320 3504 ΙΙ
350 3443 382 3491 25
400 3443 442 3491 uis
460 3457 498 3492 w:
522 3445 626 3494 suisli
649 3441 660 3509 ll
689 3445 721 3494 26
739 3444 849 3509 publica
867 3445 901 3492 W
924 3442 934 3508 fl
960 3445 993 3494 27
1012 3444 1107 3494 faits
1133 3442 1143 3509 fl
1171 3447 1207 3495 30

227 3511 268 3556 est
286 3506 438 3558 honoratus
455 3510 475 3558 B
495 3511 518 3557 V
