2582 3992
211 216 272 280 106
508 219 557 268 111.
594 216 648 268 cu.
668 217 879 268 mansarum

210 367 378 450 repentina
405 366 545 431 hostium
573 365 662 430 clade
684 368 882 449 promotum,
913 365 1028 430 omitto
1052 365 1177 430 Sarma·

209 452 275 514 tiae
301 451 514 516 uastationem
542 471 789 534 oppressumque
818 449 1013 533 captiuitatis
1038 449 1175 513 uinculis

210 534 422 620 saracenum,
464 535 562 600 etiam
597 534 653 598 illa
686 556 767 618 quae
801 555 961 598 armorum
996 537 1175 598 uestrorum

209 622 330 684 terrore
361 620 448 685 facta
486 622 563 683 sunt
606 618 696 683 uelut
735 619 831 683 armis
868 621 961 704 gesta
1001 621 1175 701 praetereo,

185 704 353 769 sl'rancos
383 704 421 768 ad
449 703 623 788 petendum
655 724 766 786 pacem
798 723 869 768 cum
905 723 981 787 rega
1010 703 1176 768 uenientes

209 787 426 873 Parthumque
448 788 540 852 uobis
568 809 735 852 munerum
757 787 917 852 miraculis
940 787 1176 852 blandientem:

208 894 327 954 nouam
348 873 427 936 mihi
449 893 594 958 propono
616 872 742 937 dicendi
762 872 867 956 legem
889 875 940 954 ut,
972 893 1044 936 cum
1067 873 1177 936 omnia

209 956 319 1020 uidear
341 957 434 1022 silere
457 979 537 1040 quae
559 979 683 1020 summa
704 957 785 1040 sint,
810 956 975 1020 ostendam
996 959 1107 1022 tamen
1128 958 1177 1020 in-

140 1078 155 1100 .
210 1062 278 1105 esse
300 1041 445 1105 laudibus
468 1042 584 1106 uestris
607 1041 671 1104 alia
693 1041 822 1105 maiora.

171 1145 196 1184 ιο
273 1123 329 1189 VI.
380 1125 468 1200 Quae
496 1126 595 1210 igitur
620 1125 676 1188 illa
702 1125 801 1190 sunt?
845 1125 947 1208 pietas
975 1127 1100 1207 uestra,
1130 1145 1177 1188 sa·

209 1209 385 1274 cratissima
413 1211 602 1293 imperator,
629 1213 724 1294 atque
740 1209 892 1274 felicitas.
937 1230 1016 1272 nam
1036 1209 1176 1292 primum

209 1295 366 1378 omnium,
389 1298 509 1378 quauta
529 1297 637 1358 uestra
660 1297 709 1358 est
731 1316 807 1379 erga
830 1292 906 1357 deos
928 1293 1055 1376 pictas?
1096 1314 1176 1378 quos

209 1379 273 1441 aris
306 1379 498 1458 simulacris,
537 1378 666 1462 templis
700 1378 857 1460 donariis,
889 1378 1006 1442 uestris
1039 1378 1176 1462 denique

207 1463 391 1526 nominibus
421 1464 583 1546 ascriptis,
619 1463 776 1527 adiunctis
808 1462 1003 1546 imaginibus
1037 1461 1176 1526 ornastis

171 1565 196 1606 15
210 1547 448 1630 sanctioresque
470 1547 593 1611 fecistis
623 1547 768 1630 exemplo
790 1551 916 1611 uestrae
944 1547 1174 1610 uenerationis.

208 1653 295 1695 nunc
317 1632 403 1696 enim
425 1653 499 1696 uere
520 1631 666 1697 homines
687 1630 882 1716 intellegunt
903 1631 953 1669 ²¹²*
975 1652 1012 1695 ac
1033 1634 1176 1714 potestas

175 1715 177 1719 ’
209 1715 349 1800 deorum,
371 1738 442 1781 cum
464 1720 531 1781 tam
545 1717 689 1800 impense
712 1715 858 1780 colantur
880 1739 900 1780 a
918 1715 1021 1779 uobis.
1050 1715 1175 1798 deinde,

208 1800 241 1862 id
261 1801 346 1884 quod
363 1802 501 1866 maxime
524 1801 656 1865 deorum
678 1801 908 1865 immortalium
931 1821 1003 1863 cum
1018 1799 1175 1884 religione

209 1886 413 1950 coniunctum
436 1889 497 1968 cst,
526 1889 645 1969 quanta
671 1888 799 1949 uosmet·
818 1885 956 1950 inuicem
982 1883 1103 1969 pietate
1126 1905 1175 1948 co

168 1989 195 2028 ao
207 1968 290 2033 litis!
325 1991 405 2053 quae
432 1970 518 2033 enim
544 1990 696 2052 umquam
724 1971 831 2034 uidere
859 1969 987 2034 saecula
1012 1967 1113 2032 talem
1140 1967 1175 2032 in

208 2075 331 2116 summa
350 2056 508 2136 potestate
529 2053 753 2117 concordiam?
782 2055 837 2137 qui
854 2054 999 2140 germani
1013 2053 1175 2138 geminine

207 2137 324 2200 fratres
346 2137 484 2200 indiuiso
504 2136 698 2220 patrimonio
721 2143 789 2202 tam
810 2139 1019 2223 aequabiliter
1039 2140 1176 2201 utuntur

208 2240 302 2302 quam
328 2241 387 2302 uos
420 2220 496 2284 orbe
523 2219 697 2286 Romano?
742 2245 781 2287 ex
809 2244 872 2307 quo
899 2223 1043 2306 profecto
1071 2222 1174 2286 mani-

206 2303 326 2368 festum
349 2307 398 2368 est
419 2309 596 2370 ceterorum
617 2305 783 2371 hominum
806 2308 930 2372 animas
953 2328 1021 2371 esse
1036 2307 1173 2370 humiles

112 2405 119 2420 ·
168 2407 194 2447 a
208 2391 240 2451 et
269 2389 417 2472 caducas,
454 2392 576 2456 uestras
604 2413 679 2456 uero
709 2393 861 2457 caelestes
892 2395 926 2456 et
952 2391 1173 2475 sempiternas.

207 2473 391 2538 obtrectant
411 2475 549 2539 inuicem
572 2475 632 2540 sibi
655 2477 793 2542 artifices
816 2499 946 2560 operum
964 2476 1173 2557 sordidorum,

207 2561 257 2620 est
277 2558 361 2642 inter
376 2558 527 2625 auloedos
550 2561 647 2625 etiam
671 2583 805 2626 canorae
827 2561 917 2625 uocis
934 2560 1067 2643 inuidia,
1090 2558 1174 2622 nihil

207 2641 342 2725 denique
370 2646 439 2706 tam
465 2643 529 2708 uile
557 2647 685 2730 tamque
717 2646 849 2730 uulgare
877 2649 926 2711 est
958 2648 1047 2709 cuius
1074 2643 1172 2728 parti·

208 2727 293 2808 cipes
316 2726 467 2812 malignis
496 2729 717 2795 aemulationis
740 2728 879 2794 stimulis
900 2731 1031 2794 uacent:
1067 2731 1173 2793 uester

167 2827 282 2876 acuero
315 2812 505 2894 immortalis
539 2815 665 2880 animus
698 2814 845 2878 omnibus
874 2814 987 2896 opibus
1022 2813 1171 2896 omnique

274 3003 289 3052 3
307 3016 409 3052 tarrac.
422 3002 454 3051 W
471 2999 481 3066 11
498 3003 514 3052 ’5
533 3003 678 3066 petendum
692 3003 780 3053 Bert:
798 3001 946 3068 petendam
963 3003 990 3050 Μ
1003 2999 1012 3066 1
1027 3003 1057 3051 10
1077 3016 1133 3052 sac.
1146 3002 1173 3050 Π

205 3064 214 3132 11
232 3069 263 3116 12
282 3075 388 3131 quanta
399 3075 493 3119 uestra
505 3075 547 3118 est
557 3071 581 3118 A
589 3072 622 3118 W
633 3072 722 3122 Bert:
741 3075 847 3133 quanta
863 3075 959 3120 uestra
970 3070 990 3117 B
1000 3072 1017 3118 t*
1027 3069 1049 3116 V
1067 3073 1172 3134 quanta

206 3139 250 3184 est
268 3139 363 3185 uestra
381 3138 438 3186 edd.
455 3135 459 3200 1
475 3151 528 3202 quo
540 3138 563 3184 A
579 3135 589 3202 11
608 3140 639 3188 16
659 3152 791 3202 quaenam
809 3136 967 3202 magnitudo
986 3153 1019 3187 ac
1038 3143 1094 3200 pot.
1106 3137 1171 3187 aoe-

205 3217 287 3252 nonus
306 3209 410 3264 quanta
428 3207 484 3268 pot.
498 3204 616 3254 Eldilciac
634 3213 659 3254 et
671 3221 717 3270 eqo
736 3205 792 3254 olim
804 3208 820 3258 l.
833 3208 849 3257 l.
862 3208 914 3254 21⁶
932 3207 1038 3269 quanta
1057 3204 1094 3254 sit
1113 3206 1170 3268 pot.

205 3269 243 3318 H.
254 3269 373 3319 duellios
385 3273 402 3319 l.
412 3274 427 3320 l.
437 3288 463 3334 p.
474 3273 490 3320 8
502 3269 512 3336 11
526 3273 557 3321 17
572 3286 620 3321 cur
632 3284 657 3319 w
672 3270 676 3334 1
693 3269 803 3338 deinde]
817 3272 936 3336 denique
945 3272 1021 3324 Bert.
1034 3269 1044 3336 11
1057 3273 1090 3322 20
1104 3283 1171 3336 quac

206 3335 279 3385 enim
291 3351 418 3401 umquam
430 3339 532 3389 Ructat:
546 3353 616 3402 quae
627 3339 795 3403 nimidquam
808 3339 888 3404 (qnae
897 3339 982 3401 Bert.)
994 3340 1018 3387 A
1027 3339 1112 3402 Bora,
1125 3339 1184 3388 aed*

205 3403 283 3453 induc
288 3407 424 3468 reponetis
434 3405 491 3454 nlla
500 3419 627 3468 unquam.
638 3421 708 3470 quaa
718 3409 894 3472 unquamb
904 3421 974 3471 quae
983 3406 1041 3456 ulla
1050 3419 1171 3470 unquam

206 3470 252 3518 GV
264 3468 273 3534 11
286 3473 317 3519 21
325 3473 514 3536 geminiqueW
526 3469 536 3536 1
549 3473 640 3523 ausiti
649 3473 790 3524 inuicemt'
804 3472 813 3540 11
826 3473 994 3526 ausuloedos
1002 3476 1111 3538 scripsi:
1121 3472 1171 3524 ali-

206 3541 274 3600 q'uos
284 3539 312 3586 lli
320 3539 390 3589 alios
400 3539 609 3602 Eyssenhardtus
621 3537 631 3604 11
644 3541 676 3590 28
685 3545 740 3592 tam
750 3543 864 3607 uulg.W
875 3539 886 3606 11
899 3545 931 3593 29
941 3540 1139 3594 stimulationis
1148 3542 1171 3594 A
