2578 4000
288 187 543 241 coasrnurnco
563 189 733 243 incusso
752 194 785 244 n.
805 195 880 243 2-4.
1007 193 1068 258 195

93 339 188 420 pater
201 335 290 401 illius
313 336 501 402 credebatur
515 339 680 403 discissam
703 341 743 404 ab
759 342 876 406 umeris
891 364 1067 428 purpuram
1135 345 1137 352 ’

94 421 266 486 detrahere
289 423 422 486 conatus
441 426 587 488 senserat
607 423 643 487 in
664 423 745 489 illud
765 423 901 490 dedecus
924 450 980 492 sua
1000 429 1068 494 fata

69 521 72 526 '
93 507 261 570 transisse.
289 506 378 570 mille
398 509 430 570 et
444 508 613 592 sexaginta
628 508 722 572 annis
746 512 929 575 contractas
944 534 982 576 ex
997 517 1067 578 toto

94 592 171 655 orbe
195 590 325 655 diuitias
346 595 526 656 monstrum
547 592 626 656 illud
649 593 823 679 redemptis
847 596 887 658 ad
909 597 1002 660 ciuile
1023 598 1067 662 la·

94 675 270 740 trocinium
290 675 438 740 manibus
459 677 649 762 ingesserat.
683 679 722 742 ad
745 679 806 744 hoc
828 681 935 744 aliena
956 683 1092 746 matri-a

94 760 214 840 monia,
231 761 452 825 innocentium
468 762 573 846 capita
589 783 661 826 cum
671 762 766 828 bonis
780 765 903 848 passim
916 765 1066 831 donando

94 866 196 928 usque
220 845 260 909 ad
281 848 417 910 mortem
439 845 618 912 deuotionis
640 847 856 914 obstrinxerat
872 851 1066 933 parricidas:

95 950 208 993 omnes
237 935 341 995 autem
369 935 425 995 aut
446 931 615 996 insidiatos
643 932 705 996 sibi
735 937 790 997 aut
811 934 918 1018 palam
945 935 1066 1019 aliquid

93 1034 153 1097 pro
174 1013 323 1078 libertate
346 1018 478 1080 conatos
500 1017 612 1099 poenis
635 1016 796 1102 affecerat,
819 1020 915 1083 armis
938 1041 1066 1104 oppres·

94 1101 190 1167 serat.
235 1101 267 1162 et
289 1100 374 1164 inter
400 1099 480 1172 haec
508 1101 658 1165 utebatur
685 1103 752 1166 eius
779 1103 867 1168 urbis
895 1105 1064 1168 maiestate
1079 1125 1104 1164 ιο

94 1204 190 1266 quam
214 1186 352 1267 ceperat,
376 1187 478 1250 totam
499 1185 626 1250 Italiam
649 1187 816 1252 conductis
839 1187 879 1252 ad
902 1210 996 1253 omne
1018 1189 1065 1254 fa·

95 1268 187 1332 cinus
210 1268 402 1334 satellitibus
424 1269 620 1354 oppleuerat.

156 1351 216 1417 IV.
258 1352 349 1418 Haec
370 1355 487 1434 omnia,
511 1354 695 1438 imperator,
721 1376 793 1419 cum
816 1356 983 1440 cogitares,
1006 1357 1065 1420 sci-

93 1457 162 1520 res,
184 1437 309 1502 uideres
330 1459 392 1503 nec
413 1441 446 1503 te
467 1441 603 1522 paterna
623 1439 769 1537 grauitas
790 1460 852 1504 nec
873 1444 929 1504 tua
951 1444 1066 1506 natura

93 1523 299 1587 temerarium
319 1544 389 1588 esse
404 1527 583 1607 pateretur:
607 1523 668 1607 dre,
692 1545 816 1607 quaese,
840 1524 916 1608 quid
936 1525 970 1589 in
991 1547 1064 1590 con·
1078 1546 1104 1586 15

94 1605 166 1670 silio
188 1606 253 1671 nisi
275 1607 421 1672 diuinum
442 1630 563 1673 numen
584 1608 748 1672 habuisti?
783 1631 824 1674 an
847 1610 904 1672 illa
927 1613 959 1673 te
980 1611 1064 1674 ratio

93 1689 232 1756 ducebat
257 1692 328 1788 <sua
350 1694 435 1757 enim
459 1693 571 1776 cuique
590 1693 763 1777 prudentia
786 1693 956 1776 deusest),
980 1695 1065 1778 quod

10 1819 11 1824 κ
92 1777 128 1840 in
150 1778 218 1840 tam
238 1776 357 1861 dispari
379 1779 585 1843 contentione
606 1799 674 1842 non
689 1780 815 1861 poterat
836 1777 948 1842 melior
970 1799 1065 1842 causa

92 1881 159 1925 non
182 1882 332 1944 superare
355 1866 401 1944 et,
427 1862 679 1927 innumerabiles
701 1863 778 1926 licet
798 1861 853 1926 illc
876 1863 984 1945 copias
1006 1883 1064 1946 pro

92 1967 126 2008 se
150 1945 301 2030 obiceret,
324 1950 428 2030 prote
443 1950 554 2012 tamen
569 1947 693 2012 iustitia
707 1946 898 2031 pugnabat?
922 1949 958 2010 ut
978 1947 1063 2012 enim
1077 1969 1102 2006 20

92 2030 240 2094 omittam
264 2031 321 2095 illa
348 2054 429 2116 qnae
456 2053 524 2097 non
547 2033 638 2096 decet
664 2032 859 2116 comparari,
889 2030 1064 2116 quoderat

92 2115 147 2179 ille
170 2113 361 2180 Maximiani
388 2118 588 2201 suppositus,
621 2121 658 2181 tu
681 2117 864 2184 Constantii
886 2115 937 2179 Pii
963 2116 1061 2200 filius;

92 2199 147 2264 ille
184 2199 443 2284 despectissimae
478 2203 665 2286 parcitatis,
710 2200 843 2265 detortis
886 2201 1064 2284 solutisque

91 2285 255 2367 membris,
277 2286 408 2351 nomine
426 2287 497 2369 ipso
519 2286 652 2351 abusiua
674 2285 889 2369 appellatione
905 2285 1062 2368 mutilato,

91 2373 128 2432 tu
148 2368 256 2452 (quod
285 2371 404 2435 sufficit
431 2370 550 2455 dicere)
578 2373 688 2434 tantus
717 2391 756 2433 ac
782 2369 874 2433 talis:
910 2373 947 2432 ut
970 2369 1061 2452 haec,
1076 2387 1101 2428 25

91 2455 239 2538 inquam,
269 2455 429 2539 omittam,
460 2461 508 2539 te,
537 2453 765 2538 Constantine,
794 2457 931 2537 paterna
958 2453 1063 2536 pietas

92 2538 299 2622 sequebatur,
327 2540 432 2624 illum,
460 2544 497 2604 ut
517 2540 601 2604 falso
623 2540 735 2625 generi
762 2559 830 2603 non
851 2537 1063 2620 inuideamus,

90 2623 257 2720 impietas3
281 2627 312 2688 te
334 2625 630 2723 clementiaissnm
648 2624 834 2722 erudelitas3
858 2626 891 2720 tc
907 2622 1064 2769 Pndic‘bffia

91 2707 1063 2889 {stastatutatiatirastatuetur}
1076 2809 1101 2848 a

89 2875 269 2961 maleficia3
311 2878 402 2943 illum
439 2877 576 2962 denique
615 2877 824 2960 spehatorum
859 2874 1063 2970 templorum,

90 2960 247 3026 trucidati
269 2966 408 3047 senatus,
433 2963 536 3047 plebis
550 2961 716 3026 Romanae
737 2961 823 3024 farne
845 2962 978 3023 necatae
996 2979 1063 3041 p1a·

161 3253 292 3304 imortis
311 3253 483 3304 deuotionem
500 3254 633 3303 Liuineius
659 3250 663 3314 Ι
689 3250 824 3316 parricios
842 3252 875 3299 W
898 3247 908 3314 ΙΙ
938 3251 1063 3300 8autem

93 3325 142 3371 ant
159 3323 269 3385 scripsi:
291 3325 339 3370 aut
356 3323 383 3370 Π
406 3324 498 3371 autem
515 3321 630 3386 Lunpr'us
659 3317 669 3386 ΙΙ
700 3321 731 3370 16
749 3313 887 3384 diuinum]
907 3320 1017 3366 tuumc
1049 3315 1060 3382 tt

93 3392 124 3441 18
141 3392 200 3438 tam
217 3389 246 3438 in
265 3389 336 3453 disp.
354 3389 387 3438 W
416 3387 426 3454 ΙΙ
456 3389 648 3453 ‘repugnabat
666 3388 811 3438 Liuineius:
834 3391 972 3452 pugnaret
989 3387 1016 3434 Μ
1049 3385 1059 3450 t,

92 3460 124 3509 23
141 3457 294 3520 paruitatis
311 3469 348 3505 w:
374 3456 521 3520 prauitatis
539 3458 566 3505 Π
595 3454 605 3521 ΙΙ
634 3458 667 3506 25
686 3452 730 3521 ac]
752 3459 779 3504 et
796 3456 819 3503 Δ
846 3455 849 3518 Ι
875 3448 954 3519 haec]
974 3454 1026 3504 hoe
1047 3454 1064 3517 β

92 3521 149 3589 :127
167 3523 352 3586 innideamns;
371 3527 452 3574 malim
469 3523 624 3576 inludamus
649 3521 659 3588 ΙΙ
683 3525 716 3574 32
735 3523 808 3573 fame
828 3528 941 3574 enectae
960 3522 1019 3571 edd.

856 3604 906 3657 13*
