2586 3996
215 216 278 281 298
539 221 600 270 nu.
630 177 862 271 1101111111.

280 367 382 432 XXX.
433 367 577 432 Tandem
609 369 644 432 in
677 389 737 432 nos
766 369 874 433 oculos
902 368 979 432 deus
1013 369 1125 433 retulit
1153 373 1186 433 et
1276 419 1277 444 1

215 453 309 516 bonis
338 451 469 517 orientis
498 455 642 517 intentus
670 452 710 516 ad
732 451 818 516 mala
846 455 957 516 nostra
983 454 1126 536 respexit
1153 457 1185 517 11

215 536 302 600 huuc
325 537 496 600 sacerrimo
520 537 618 619 capiti
640 538 758 601 obiecit
777 537 918 601 furorem
939 540 975 600 ut
995 536 1109 600 foedus
1132 537 1184 602 ab·

215 642 377 704 rumpere,
405 621 455 685 ius
477 621 588 686 fetiale
610 621 745 704 uiolare,
761 622 889 686 ,bellum
912 621 1034 685 edicere
1055 643 1124 685 non
1146 622 1184 685 ti-

190 709 327 770 smeret.
374 727 416 769 an
446 727 506 790 ego
534 707 604 769 sina
630 707 739 770 diuino
769 706 899 770 numine
924 705 1047 770 factum
1074 709 1184 789 putem

215 793 266 872 ut,
298 790 352 873 qui
380 790 440 854 sub
467 791 598 854 nomine
627 792 713 874 pacis
740 791 849 855 ludere
878 793 910 854 et
931 790 1028 874 primi
1055 791 1184 855 sceleris

216 895 335 958 poenes
363 875 480 939 lucrari
507 874 699 958 quiescendo
723 875 895 959 potuisset,
925 873 1100 938 secundum
1123 877 1183 938 ter·

216 959 358 1041 tiumquc
387 959 540 1023 uexillum
567 959 728 1024 latrocinii
756 959 858 1023 ciuilis
887 959 1048 1022 attolleret
1077 961 1109 1023 et
1135 981 1183 1022 su-

216 1045 335 1124 peratis
353 1042 491 1138 Alpibus
515 1043 629 1108 Cottiis
650 1043 733 1107 Iulia
754 1064 879 1128 quoque
903 1044 1041 1108 claustra
1061 1042 1184 1106 laxaret
1276 1103 1277 1124 χ

177 1147 202 1186 10
216 1126 349 1210 tibique,
366 1130 555 1222 ¹1mperator,
581 1129 761 1211 imponeret
782 1129 924 1192 seruanti
946 1127 1049 1191 adhuc
1071 1127 1183 1192 ueniae

217 1209 311 1274 fidem
341 1212 491 1275 uincendi
518 1211 769 1276 necessitatem?
814 1213 930 1296 agebat
959 1233 1046 1296 eum,
1080 1212 1182 1294 credo,
1276 1285 1277 1302 χ

216 1295 1184 1464 111111111111111111111111

217 1464 256 1526 ab
280 1485 316 1528 eo
340 1464 464 1528 debitas
487 1466 667 1548 expetebat.
704 1486 772 1529 non
794 1465 872 1529 illud
896 1465 1105 1549 confidentia,
1130 1464 1184 1528 scd

178 1565 204 1608 11
217 1550 372 1632 amentia3
410 1570 478 1613 non
504 1551 682 1630 temeritas,
717 1549 772 1613 sed
800 1550 972 1614 necessitas
1000 1551 1079 1612 erat.
1125 1569 1184 1612 nec

216 1631 300 1696 ultro
315 1633 493 1697 lacessebat
513 1633 568 1698 ille
583 1635 725 1716 tubello,
750 1633 805 1698 sed
820 1635 955 1698 ulterius
976 1654 1042 1697 non
1056 1635 1184 1716 poterat

217 1737 250 1779 se
272 1739 392 1814 negare
414 1718 582 1801 supplicio,
619 1719 761 1802 alioquin
783 1719 939 1802 quomodo
961 1720 1087 1782 tantam
1111 1738 1184 1782 con·

217 1805 354 1884 cepisset
387 1802 552 1867 audaciam
585 1806 621 1866 ut
652 1825 744 1868 ruere
776 1803 811 1867 in
841 1803 960 1867 ferrum
995 1805 1027 1866 et
1056 1801 1184 1865 obuiam

216 1887 311 1949 morti
333 1887 443 1950 uenire
465 1889 530 1950 tam
553 1887 689 1972 ignauus
713 1891 745 1951 et
766 1889 883 1951 timens
905 1888 1017 1952 mortis
1040 1885 1181 1958 auderet,
1276 1935 1277 1962 i

178 1989 204 2027 1ο
217 1971 254 2031 ut
275 1971 328 2053 qui
358 1991 391 2034 se
418 1991 486 2034 non
507 1973 650 2053 potuerit
671 1975 782 2054 postea
809 1972 862 2036 uel
884 1972 988 2036 uictus
1016 1969 1182 2034 occidere?

216 2055 250 2116 et
276 2057 308 2118 te
338 2053 480 2137 quidem,
515 2054 689 2138 imperator
715 2056 877 2140 Auguste,
913 2055 952 2120 ad
979 2055 1183 2120 asserendam

215 2158 283 2200 rem
310 2137 471 2218 publicam
499 2138 778 2222 usurpandamque
811 2141 978 2205 uictoriam
1006 2138 1184 2204 suffecisset

216 2220 250 2282 in
272 2220 357 2284 bella
378 2220 430 2283 uel
452 2221 555 2285 solum
577 2223 697 2287 uenire.
739 2245 816 2287 nam
838 2225 865 2289 si
888 2225 963 2288 olim
986 2223 1108 2288 domini
1131 2221 1182 2286 ad-

216 2324 345 2368 uersum
371 2304 506 2370 rebelles
541 2328 650 2372 seruos
678 2307 860 2373 dimicaturi
887 2310 991 2393 flagra
1020 2309 1055 2371 in
1083 2308 1183 2372 aciem
1276 2329 1277 2384 1

178 2406 203 2446 11
216 2388 401 2454 detulerunt
422 2393 577 2474 tantaque
600 2393 649 2456 uis
672 2393 887 2458 conscientiae
902 2393 965 2457 fuit
986 2395 1023 2456 ut
1045 2392 1087 2456 ab
1103 2392 1186 2456 1111-
1276 2385 1277 2398 ’

216 2473 321 2537 mibus
343 2477 545 2539 uertereutur
567 2477 681 2540 armati
704 2480 736 2541 11
750 2478 804 2561 qui
827 2479 1013 2542 obtulerunt
1027 2477 1184 2540 mortibus

217 2560 346 2638 pectora
373 2558 488 2621 darent
513 2561 605 2644 terga
632 2561 833 2626 uerberibus:
870 2583 980 2626 nonne
1001 2564 1037 2624 tu
1059 2581 1184 2643 quoque

216 2640 398 2726 legionibus
421 2641 578 2708 seditiosis
600 2665 668 2708 rem
689 2649 790 2709 totam
812 2646 899 2710 uisus
922 2645 1068 2730 egisses?

280 2725 398 2794 XXXI.
443 2728 497 2792 An
525 2729 681 2794 sustinere
703 2733 735 2794 11
759 2751 865 2794 coram
894 2734 926 2794 et
948 2729 1051 2794 solum
1080 2729 1185 2793 oculo·

179 2827 204 2868 co
217 2829 288 2872 rum
315 2813 442 2874 tuorum
468 2812 553 2876 ferre
587 2815 766 2879 coniectum
796 2815 851 2880 illc
907 2814 1045 2879 nondam
1072 2813 1185 2876 domus
1276 2815 1277 2852 l

216 2895 291 2957 tuae
312 2895 617 2980 neglegentissimus
631 2901 764 2964 uernula
786 2837 1064 2982 mensdlarumque
1088 2898 1186 2962 serui-

218 3083 421 3092 ——n—-n

286 3201 369 3250 luos
387 3203 404 3248 G
425 3198 435 3265 ΙΙ
456 3204 472 3251 2
492 3207 586 3254 nostra
605 3217 652 3253 om.
672 3201 695 3251 A
715 3201 725 3267 ΙΙ
746 3205 761 3252 9
781 3208 875 3254 100111
893 3204 916 3252 Δ
936 3201 946 3270 ΙΙ
968 3206 1000 3254 10
1019 3203 1187 3254 seruatimc
1276 3203 1277 3210 ’

217 3261 225 3327 ll
244 3266 274 3313 11
294 3265 382 3332 fidem]
401 3267 481 3318 finem
498 3269 588 3327 Bert.,·
606 3272 688 3319 malim
707 3285 783 3334 spem
804 3268 814 3334 ΙΙ
839 3271 1023 3322 14101110
1045 3267 1055 3335 l
1081 3271 1188 3320 161101
1276 3275 1277 3342 ᾗ

217 3334 325 3395 poterat
343 3350 389 3384 om.
410 3337 426 3383 c
446 3333 456 3401 ll
481 3337 513 3387 17
532 3337 665 3400 quomodo
683 3339 756 3390 edd:
775 3337 886 3402 quando
903 3338 930 3386 Π
951 3336 961 3403 l
986 3340 1018 3389 19
1035 3341 1152 3402 ignarus
1171 3338 1187 3384 c

216 3395 224 3462 ll
245 3399 278 3447 21
298 3405 326 3448 11
345 3401 454 3464 quidem
471 3405 546 3454 edd:
565 3403 692 3468 equidem
709 3406 737 3451 Η
760 3401 769 3468 ΙΙ
794 3407 827 3454 24
845 3405 1029 3456 dimicatimd
1087 3407 1121 3455 26
1140 3405 1188 3454 ob-

217 3464 341 3516 tulerant
359 3468 494 3520 Rhenanus
517 3467 527 3534 ΙΙ
551 3474 584 3522 28
602 3471 742 3522 seditiosis
759 3475 869 3537 scripsi:
887 3474 983 3524 otiosis
1001 3474 1044 3519 Π·
1087 3473 1119 3522 31
1139 3487 1189 3522 ne·

216 3531 276 3582 rula
294 3535 311 3582 c
329 3532 489 3599 lseruilium
508 3553 554 3588 om.
573 3537 649 3590 Bert.
