2578 4000
210 184 275 248 214
544 187 576 236 x.
605 185 754 237 uazaan
771 187 852 238 rau.

210 334 366 398 felicitate
409 333 579 399 sancimus.
634 334 887 418 quinquennalia
922 335 1178 401 beatissimorum
1274 347 1275 356 ’

212 417 384 484 Caesarum
406 421 576 502 occupatos
597 439 655 484 cos
676 419 711 482 in
733 419 857 503 gaudiis
878 418 1016 502 habent,
1039 421 1096 485 sed
1118 421 1178 485 iam

210 504 245 568 in
268 502 436 567 destinatis
459 503 623 567 decenniis
646 506 723 568 uota
744 503 952 586 properantia
978 506 1010 567 ct
1032 526 1106 588 spes
1127 527 1177 568 uo·

211 587 314 651 lucres
346 588 570 652 constiterunt.
617 588 731 651 horum
765 587 881 652 dehine
915 592 1077 672 compotes
1111 611 1178 673 pro-

183 672 403 756 spagabimus
432 672 584 755 optabilis
612 672 689 736 boni
716 673 840 736 seriem.
887 673 935 736 ita
964 675 1074 737 omnia
1101 694 1178 756 quae

211 757 466 840 exprincipibus
488 757 608 820 nostris
627 777 781 839 prospera
803 757 957 820 eueniunt
978 758 1178 854 continuatos

210 839 333 904 fructus
361 842 471 905 ferunt
503 862 562 904 nec
594 841 698 925 magis
731 844 860 924 recepta
893 841 1053 905 delectant
1085 863 1179 926 quam
1274 879 1275 898 .

212 927 381 1007 expectata
402 929 564 989 iuuerunt.
602 947 711 989 uerum
735 925 811 1008 quid
833 926 958 1010 agimus
980 927 1105 990 nicenis
1127 931 1179 991 ant

210 1009 276 1072 iam
308 1009 440 1073 tricenis
478 1010 571 1074 annis
608 1010 897 1073 circumscribendo
935 1032 1016 1093 quae
1051 1014 1179 1076 aeterna

173 1112 198 1151 rc
212 1093 391 1157 sentimus?
436 1092 593 1176 ampliora
625 1097 700 1158 sunt
727 1094 842 1158 merita
868 1095 1051 1178 principum
1085 1117 1179 1178 quam

211 1180 322 1261 optata
344 1180 501 1242 uotorum.
534 1181 585 1242 cat
606 1179 684 1260 quin
703 1177 802 1242 immo
824 1178 859 1241 in
877 1179 1059 1243 inmensum
1077 1180 1178 1244 felicis

211 1283 322 1326 cursus
344 1262 480 1347 imperii,
504 1283 564 1327 nec
586 1261 798 1326 humanorum
814 1265 968 1327 terminos
992 1269 1105 1328 curent
1127 1265 1179 1348 qui

210 1367 336 1430 semper
351 1348 461 1412 diuina
476 1347 680 1412 meditamur.
711 1351 797 1411 certe
819 1348 998 1431 cupitorum
1014 1348 1099 1412 irriti
1116 1371 1180 1412 non

211 1453 319 1495 sumus
342 1434 406 1516 qui,
430 1455 501 1497 cum
523 1435 669 1515 optemus
691 1433 839 1516 maxima,
862 1431 895 1495 id
916 1434 1006 1498 laced
1025 1433 1178 1498 faciamus

174 1531 199 1573 15
211 1516 384 1600 benignius
415 1539 511 1600 quam
545 1516 698 1600 securius,
731 1516 821 1664 {uod
847 1524 980 1603 propter
1013 1520 1180 1588 caelestem

211 1601 246 1664 in
267 1600 341 1665 illos
355 1601 501 1667 fauorem
515 1606 584 1666 tam
607 1606 692 1667 certa
711 1624 731 1665 a
755 1602 910 1686 ‘piscandi
932 1627 1005 1688 spes
1021 1609 1070 1670 cst
1085 1629 1179 1692 quam

211 1686 345 1768 optandi
363 1687 468 1751 soluta
482 1689 622 1753 libertas.
646 1687 703 1751 has
719 1688 819 1771 igitur
834 1689 1077 1775 gratulationes,
1101 1713 1179 1775 quae

211 1772 433 1854 praesentibus
453 1773 635 1837 excitantur
650 1794 792 1856 quaeque
812 1775 1012 1857 superiorum
1027 1778 1180 1840 memoria
1274 1775 1275 1784 ³

209 1855 324 1938 uigent
345 1860 401 1921 aut
422 1878 500 1940 quas
528 1858 563 1921 in
584 1859 747 1941 posterum
768 1857 1002 1923 redundaturas
1025 1861 1178 1944 cogitatio
1274 1921 1275 1936 ἦ

172 1957 198 1996 ao
212 1940 306 2003 auida
327 1940 520 2024 depascitur,
544 1943 615 2025 quis
637 1943 781 2006 omnium
805 1946 902 2025 queat
921 1943 1179 2029 flagrantissimis
1274 1951 1275 1954 ’

211 2023 409 2088 audientium
437 2026 551 2089 studiis
582 2026 767 2091 satisfacere
796 2027 956 2092 dicendo?
1000 2030 1065 2093 iam
1094 2051 1178 2111 uero,

212 2129 284 2170 cum
311 2108 457 2191 publicas
485 2113 613 2172 tantum
645 2111 800 2174 utilitates
828 2112 984 2196 'amplecti
1017 2114 1117 2179 uelim
1149 2117 1180 2178 at

209 2193 425 2275 unusquisque
447 2193 600 2275 priuatim
622 2215 694 2257 suas
718 2195 855 2280 cogitet,
876 2198 1087 2262 tremebunda
1110 2220 1179 2282 pro·

82 2342 89 2347 *⁷
209 2275 331 2338 feratur
346 2276 449 2341 oratio
469 2299 543 2343 uoce
553 2298 674 2346 ,necesse
688 2285 738 2358 est,
764 2300 845 2363 quae
859 2282 959 2345 tacita
975 2285 1179 2366 reputatione

172 2376 197 2416 2⁵
210 2359 370 2426 uincenda
392 2364 450 2425 est.
495 2363 530 2426 in
552 2363 630 2446 ipsis
659 2364 756 2428 etiam
778 2365 915 2447 publicis
942 2371 1107 2451 gestorum
1130 2369 1179 2431 in-

210 2446 357 2528 gentium
378 2447 521 2530 professa
543 2446 685 2512 laudatio
713 2469 784 2513 cum
811 2451 949 2533 augendi
972 2451 1179 2534 cupiditatem

209 2550 288 2611 prae
310 2551 343 2592 se
365 2531 465 2611 ferat,
494 2553 561 2595 non
582 2532 702 2596 iniuria
723 2533 888 2597 minuendi
909 2537 1031 2599 metum
1053 2536 1180 2600 faciunt

209 2633 289 2760 puae
302 2635 417 2761 tspem
454 2616 711 2698 amplificationis
749 2638 787 2680 ex
819 2619 1042 2703 magnitudine
1077 2623 1179 2686 sustu-

222 2718 326 2763 erun.

210 2872 414 2881 ——--....—

278 2974 291 3020 1
313 2972 451 3022 sancimus
470 2988 499 3038 g:
519 2975 658 3024 sanximus
674 2976 698 3025 Δ
710 2977 784 3026 Bert.
804 2977 990 3026 sanciamusc
1009 2976 1181 3026 sanctiamus

209 3038 421 3090 BVsatiamus
440 3054 465 3089 w
488 3038 499 3106 l
523 3044 606 3093 2nos
625 3045 729 3094 addidi:
748 3060 794 3094 om.
812 3046 839 3092 11
865 3042 875 3108 ΙΙ
903 3044 1181 3096 leonatitueruntv

211 3101 215 3166 Ι
235 3107 448 3170 propagauimus
465 3109 493 3155 Η
522 3106 532 3173 ΙΙ
562 3113 577 3160 6
595 3126 727 3174 prospera
744 3125 824 3162 enen.
842 3113 951 3175 scripsi:
969 3125 1100 3174 prospere
1118 3125 1181 3160 nen.

209 3170 237 3216 Η
253 3168 263 3234 ΙΙ
282 3175 311 3220 11
330 3173 359 3222 in
378 3175 431 3222 AB
445 3174 518 3224 Bert.
539 3190 573 3225 w:
590 3195 637 3227 om.
657 3178 708 3226 GV
725 3175 735 3243 ll
752 3181 785 3228 14
802 3178 875 3228 haud
893 3194 954 3244 ego:
972 3193 1019 3228 om.
1030 3179 1059 3226 Π
1077 3178 1106 3226 id
1122 3179 1180 3228 iac.

209 3251 264 3286 non
282 3239 343 3288 ben.
363 3243 498 3292 Acidaliae
518 3241 528 3308 ΙΙ
551 3245 582 3294 16
600 3244 663 3296 illos
681 3248 790 3310 scripsi:
807 3244 855 3295 illo
873 3247 901 3292 11
921 3242 931 3309 ΙΙ
956 3246 987 3295 19
1006 3247 1087 3309 quasi
1104 3246 1135 3294 in
1154 3261 1181 3308 p.

209 3303 395 3356 redundatura
413 3310 453 3370 M,
473 3327 541 3361 corr.
560 3312 696 3362 Rhenanus
719 3310 730 3378 ΙΙ
758 3315 792 3363 20
811 3313 871 3377 quis
890 3312 1029 3361 hominum
1047 3312 1185 3362 Muineim·

211 3367 214 3431 Ι
234 3371 464 3434 flagrantissimus
482 3379 505 3425 A
521 3376 531 3442 ΙΙ
553 3381 586 3427 24
603 3395 670 3430 uoce
688 3395 806 3429 necasse
824 3385 866 3430 est
884 3381 987 3430 addidi:
1004 3396 1052 3432 om.
1070 3382 1099 3428 1
1117 3393 1181 3444 prc-

209 3437 312 3487 feretur
328 3443 370 3488 uel
386 3456 499 3494 necesse
516 3449 558 3494 ost
576 3446 692 3496 tremeb.
712 3447 867 3511 proferatur
883 3448 1016 3498 Acidaliae
1032 3445 1042 3511 l
1065 3449 1098 3498 26
1118 3460 1184 3497 cum

210 3505 357 3554 Acidalius:
375 3521 423 3558 om.
442 3511 470 3556 rt
487 3510 561 3565 Bert.
