2582 3992
297 225 509 278 MAXIMIANO
528 225 699 278 AUGUSTO
719 229 753 278 D.
782 230 855 283 1-3.
1021 225 1062 290 91

90 375 222 460 generis
245 375 293 440 tui
316 375 475 460 originem
497 377 680 460 recensebo,
705 397 799 460 quam
821 380 857 440 tu
879 383 946 442 non
967 376 1061 442 modo

90 460 188 526 factis
211 460 457 543 immortalibus,
487 459 543 524 sed
571 461 668 524 etiam
696 460 837 525 nominis
860 461 1061 527 successione

90 544 243 643 testaris?
273 566 316 642 an
349 545 612 643 quemadmodum
629 545 798 642 educ-atus
831 545 1061 644 institutusque

88 628 375 800 gillepleageibriilibo,
407 629 691 780 iliteissilislcllitiis'
708 629 1087 780 sillinuiieitlblilenrratlltllis

91 801 124 864 et
145 818 306 864 armorum
326 799 452 864 sonitus
473 799 537 864 tuis
557 798 720 885 uagitibus
735 798 977 885 obstrepentes?
1000 800 1060 865 fin·

88 886 213 970 guntur
228 883 307 949 haec
322 883 362 949 de
376 883 463 965 Ioue,
486 883 542 948 sed
557 883 595 952 de
617 886 650 948 te
669 905 747 948 uera
768 887 852 970 sunt,
876 884 1060 968 imperator.

91 990 135 1032 an
149 972 223 1032 tuas
237 990 288 1034 res
303 971 412 1055 gestas
432 989 616 1033 enumcrare
638 969 789 1052 conabor,
812 989 894 1053 quae
908 973 941 1034 te
956 969 1061 1053 prima

91 1053 187 1138 signa
209 1053 425 1138 imperatoriis
456 1053 605 1137 auspiciis
632 1053 868 1138 inaugurarint‚
899 1075 979 1139 quae
1009 1075 1060 1118 oa·

91 1141 158 1202 stra
181 1137 347 1203 dominum
373 1137 523 1203 habitura
550 1139 763 1222 susceperint,
793 1159 874 1222 quae
903 1137 1098 1203 bellede-10

91 1223 251 1306 duxerint,
267 1245 349 1308 quae
363 1222 518 1288 uictoriae
534 1222 702 1288 auxerint?
725 1223 778 1287 ibo
794 1224 916 1288 scilicet
930 1223 1059 1288 uirtutis

90 1309 166 1372 tuae
188 1308 335 1392 uestigiis
364 1306 554 1393 colligendis
582 1329 641 1392 per
667 1311 770 1372 totum
791 1306 895 1372 Histri
923 1307 1060 1371 limitem

90 1412 210 1476 perque
238 1413 366 1458 omnem
394 1414 457 1476 qua
488 1392 593 1457 tendit
620 1391 787 1456 Eufratem
815 1394 847 1456 et
873 1392 959 1476 ripas
987 1413 1058 1476 per·

92 1477 214 1562 egrabo
242 1476 348 1542 Rheni
371 1480 404 1541 et
425 1477 500 1541 litus
523 1476 658 1542 oceani?
696 1477 752 1541 sed
774 1477 829 1562 qui
850 1477 929 1541 uelit
951 1477 1059 1541 omnia

92 1562 157 1625 ists
180 1561 360 1646 complecti,
382 1561 509 1626 saecula
528 1560 590 1626 sibi
609 1563 719 1645 optare
742 1560 836 1626 debet
857 1565 891 1625 et
911 1561 1057 1626 innume·
1072 1581 1097 1621 15

90 1644 208 1710 rabiles
231 1667 334 1711 annos
356 1649 389 1710 et
409 1649 562 1730 quantam
583 1649 620 1710 tu
641 1645 772 1710 mereris
795 1647 944 1710 aetatem.

147 1727 206 1796 ΙΙΙ.
230 1729 360 1796 Faciam
381 1731 482 1816 igitur
502 1730 690 1815 compendio
711 1729 865 1794 orationis
883 1750 981 1812 meae,
1003 1729 1057 1794 scd

90 1815 208 1880 damno
231 1816 417 1900 uoluntatis,
445 1816 530 1899 quod
557 1814 631 1880 huic
660 1813 798 1898 tempori
825 1813 961 1878 maxime
985 1833 1058 1877 con-

91 1899 194 1984 gruit:
218 1901 366 1965 omittam
389 1904 494 1966 cetera
517 1903 549 1965 et
570 1899 773 1984 potissimum
800 1898 880 1963 illud
908 1897 1059 1982 arripiam

89 1984 174 2068 quod
203 1984 312 2050 multis
339 1985 475 2050 fortasse
498 1986 614 2049 mirum
644 1984 804 2048 uidebitur
833 1986 865 2048 et
892 1985 1001 2048 tamen
1022 2003 1056 2047 re
1070 2003 1096 2042 so

89 2069 161 2154 ipsa
182 2069 382 2134 uerissimum
407 2073 470 2135 est:
499 2073 545 2153 te,
573 2091 645 2136 cum
668 2069 708 2134 ad
730 2068 962 2134 restituendam
989 2088 1057 2132 rem

90 2153 253 2237 publicam
281 2177 300 2220 a
329 2159 467 2240 cognato
493 2155 553 2219 tibi
581 2153 774 2218 Diocletiani
801 2153 932 2218 numine
959 2151 1058 2217 fueris

90 2240 274 2320 inuocatus,
308 2239 381 2324 plus
413 2239 562 2304 tribuisse
588 2239 736 2303 beneficii
765 2260 859 2322 quam
886 2237 1057 2321 acceperis.

90 2344 194 2406 neque
217 2325 304 2388 enim
326 2324 545 2409 specietenus
568 2344 605 2387 ac
627 2324 756 2387 nomine
779 2323 910 2386 fortuna
931 2321 1058 2406 imperii

89 2407 322 2473 consideranda
344 2411 401 2474 est.
433 2408 564 2472 trabeae
583 2410 708 2472 uestrae
727 2405 936 2490 triumphales
959 2409 991 2470 et
1011 2404 1057 2470 fa·
1071 2426 1097 2468 15

90 2513 158 2556 sces
175 2492 356 2558 consulares
372 2497 405 2558 et
419 2493 515 2558 sellae
536 2493 661 2560 curules
682 2495 715 2557 et
734 2490 814 2556 haee
834 2490 1058 2575 obsequiorum

89 2577 223 2660 stipatio
245 2580 278 2642 et
298 2578 408 2663 fulgor
430 2581 463 2643 et
483 2578 540 2642 illa
560 2576 614 2641 lux
636 2577 781 2642 diuinum
801 2575 955 2641 uerticem
971 2575 1056 2640 claro

89 2661 167 2726 orbe
198 2662 412 2747 complectens
440 2665 618 2728 uestrorum
645 2665 720 2727 sunt
748 2663 939 2726 ornamenta
965 2661 1059 2724 meri·

89 2748 197 2811 torum
211 2746 425 2831 pulcherrima
440 2747 568 2830 quidem
584 2750 616 2811 et
631 2747 867 2831 augustissima,
887 2745 946 2809 sed
961 2745 1057 2830 longe

89 2830 147 2896 illa
168 2832 290 2897 maiora
310 2835 386 2897 sunt
406 2853 486 2917 quae
506 2835 542 2896 tu
563 2831 729 2915 impartito
749 2830 809 2894 tibi
830 2829 964 2913 imperio
986 2829 1056 2892 uice
1070 2847 1096 2888 oo

89 2915 216 2999 gratiae
243 2915 396 2982 retulisti:
430 2915 597 2980 admittere
627 2915 662 2978 in
695 2915 838 2978 animum
867 2915 979 2976 tantae
1013 2913 1058 2976 rei

157 3056 317 3138 41111111
329 3089 418 3141 nera:
437 3089 467 3138 11
483 3087 532 3138 rna
544 3089 564 3137 1
577 3088 594 3136 o
606 3088 629 3135 v
650 3083 659 3154 u
681 3085 877 3138 annumerabo
892 3083 934 3149 111
947 3084 1058 3150 1111111-
1075 3150 1077 3154 ,

90 3154 201 3206 ratoriis
215 3156 238 3204 A
254 3156 274 3204 B
294 3158 324 3206 111
350 3157 526 3292 imperatoris
541 3157 563 3204 V
576 3155 608 3203 W
625 3151 629 3221 Ι
644 3153 848 3217 inauguriarint
865 3151 901 3214 H,
921 3168 989 3203 corr.
1008 3166 1033 3200 11
1052 3149 1055 3217 Ι

88 3234 162 3284 quae
182 3227 211 3273 te
230 3228 325 3276 castra
341 3225 358 3273 0
381 3221 385 3291 Ι
417 3225 448 3275 10
459 3223 621 3274 habitatura
633 3225 666 3271 W
686 3221 691 3284 l
711 3216 1057 3287 diduxerintABert.l112

89 3288 140 3344 uir,
159 3293 226 3344 tuac
243 3296 314 3345 uest.
335 3292 399 3345 coll.
416 3293 439 3341 A
457 3292 479 3340 V
497 3292 541 3340 W:
564 3291 615 3344 uir.
634 3295 699 3340 tuae
718 3287 779 3340 coll.
798 3293 862 3338 uest
877 3287 896 3336 B
914 3292 986 3340 uest.
1005 3287 1056 3338 uir.

90 3358 155 3408 tuae
177 3356 242 3411 coll.
260 3360 278 3409 0
301 3355 312 3425 [l
338 3362 368 3412 13
387 3373 465 3411 omne
483 3358 506 3407 A
523 3359 540 3407 11
555 3355 560 3424 Ι
576 3357 703 3408 eufraten
716 3357 739 3406 A
754 3357 803 3404 Vr
820 3352 830 3420 ΙΙ
853 3356 885 3408 15
905 3355 960 3406 ista
977 3371 1024 3406 om.
1037 3356 1058 3404 B

87 3421 165 3477 Bert.
187 3423 198 3490 ΙΙ
222 3427 254 3476 1⁷
271 3426 433 3492 compendio
451 3426 560 3492 quidem
577 3425 653 3490 Cusp.
670 3427 730 3476 edd.
753 3420 763 3488 ΙΙ
794 3425 825 3475 18
842 3421 905 3488 quid
918 3423 968 3472 Bc
991 3421 1001 3488 ΙΙ
1026 3424 1057 3472 19

86 3496 119 3540 ut
136 3498 194 3559 pot.
212 3493 246 3542 W
273 3491 284 3560 l
313 3494 498 3547 10111111
526 3490 536 3558 ll
570 3494 604 3542 24
627 3493 713 3558 septie
736 3495 814 3542 tenus
833 3507 867 3542 ac
884 3492 1001 3542 tremine
1018 3493 1060 3540 uel

88 3561 236 3612 terminet
260 3559 270 3626 ΙΙ
291 3563 324 3613 27
344 3562 437 3628 fulgur
454 3575 479 3609 11
500 3558 510 3626 ll
531 3563 564 3612 30
581 3563 642 3612 uice
662 3561 755 3626 gratia
773 3560 805 3608 W
822 3560 885 3610 uice
904 3562 986 3624 grata
1003 3571 1020 3622 ς
