2582 3992
336 189 547 242 MAXIMIANO
566 189 737 244 AUGUSTO
755 193 788 242 D.
826 193 933 242 11-13.
1074 187 1115 252 99

145 343 199 404 tus
232 341 281 403 est
318 358 421 422 paene
454 338 610 403 exercitus
649 341 773 404 uestros
811 337 920 403 uideat
951 339 1116 425 ingressos
1161 413 1163 416 .
1207 403 1208 406 ,

145 423 327 507 oblitosque
348 421 482 486 nauium
503 423 652 506 refugum
679 443 766 486 mare
794 428 919 492 secutos
947 445 1027 508 esse,
1053 435 1116 508 qua

147 507 295 573 cederet?
339 519 435 590 quam
467 528 556 571 nunc
590 507 728 571 insulam
764 507 984 591 remotiorem,
1022 528 1115 591 quem

146 591 247 656 alium
269 591 332 656 sibi
354 593 444 674 optet
466 591 642 656 oceanum?
680 613 742 675 quo
764 591 900 674 denique
922 596 1017 675 paeto
1039 592 1114 656 effu·

171 697 224 740 ere
246 696 368 759 poenas
384 675 579 759 reipublicae
595 679 710 758 potest,
733 675 798 740 nisi
820 677 847 739 si
869 675 988 740 haustu
1009 679 1140 740 terrae-s

146 697 317 825 leuoretur
339 762 395 824 aut
416 759 543 824 turbine
566 759 672 843 aliquo
691 760 727 823 in
748 759 842 824 deuia
861 781 940 826 saxa
960 761 1113 844 rapiatur.

146 845 333 910 aedificatae
364 848 448 909 sunt
490 847 681 928 ornatasque
722 843 956 926 pulcherrimae
996 843 1115 909 classes

147 930 271 995 cunctis
304 929 400 994 simul
435 929 582 994 amnibus
615 949 771 994 oceanum
804 928 974 1013 petiturae.
1011 950 1115 1012 neque

147 1013 252 1079 solum
275 1012 316 1077 ed
337 1012 548 1097 perficiendas
571 1033 625 1076 eas
648 1013 796 1078 certatim
818 1014 965 1078 homines
989 1013 1115 1078 labora·

145 1100 240 1177 runt,
279 1097 335 1162 sed
368 1098 466 1162 etiam
499 1097 539 1162 ad
576 1097 779 1180 excipiendas
814 1097 948 1162 flumina
983 1101 1154 1182 repentem

147 1184 330 1247 creuerunt.
360 1185 431 1246 toto
452 1180 521 1244 fere
544 1203 641 1266 anno,
663 1181 845 1265 imperator,
869 1203 931 1266 quo
954 1181 1014 1246 tibi
1036 1203 1117 1266 opus

146 1270 216 1331 arat
237 1266 412 1330 serenitate
435 1269 471 1330 ut
493 1265 624 1330 naualia
645 1268 837 1348 tererentur,
860 1270 897 1330 ut
918 1266 1026 1344 trabes
1049 1287 1119 1330 cae·

146 1351 307 1433 detentor,
336 1353 373 1414 ut
395 1350 551 1414 artificum
575 1349 675 1414 enimi
698 1349 855 1435 uigerent,
884 1353 920 1414 nt
941 1372 1054 1414 manus
1076 1371 1118 1414 ne

146 1434 383 1518 torpescerent,
422 1433 529 1498 nullus
563 1433 629 1498 fere
659 1434 727 1498 dies
754 1432 856 1498 imbre
884 1434 1031 1499 foedatus
1059 1439 1117 1499 est.
1208 1431 1213 1440 ”

145 1517 249 1583 hiems
276 1519 348 1602 ipss
373 1519 562 1602 temperiem
594 1517 678 1582 ueris
711 1519 838 1582 imitata
864 1521 922 1582 est.
958 1519 1023 1584 iam
1050 1540 1117 1584 non
1130 1537 1155 1578 15

147 1603 362 1687 septentrioni
400 1624 461 1667 nos
494 1603 678 1686 putauimus
716 1602 898 1684 subiacere,
939 1603 995 1668 sed
1025 1603 1116 1686 quasi

145 1686 314 1753 translatis
337 1687 566 1752 sideribusaut
580 1687 674 1750 terris
694 1685 863 1750 meridiani
885 1687 964 1751 caeli
980 1687 1116 1752 clemen·

145 1773 226 1838 tiam
260 1773 427 1840 sensImus.
471 1770 588 1835 fluuius
620 1769 674 1834 hic
706 1773 817 1834 noster
849 1769 905 1833 diu
936 1770 1116 1854 pluuiarum
1147 1791 1150 1798 ’

145 1855 266 1941 pabulo
291 1877 401 1921 careus
424 1856 596 1938 impatiens
619 1858 687 1920 erat
707 1854 847 1938 nauium,
870 1854 972 1918 solam
994 1854 1115 1920 nauali-

145 1943 205 2006 bus
233 1939 297 2005 tuis
329 1940 498 2005 materiam
532 1937 717 2004 deuehebat.
753 1959 827 2004 ecoe
860 1943 967 2004 autem
999 1939 1114 2024 subito,
1129 1961 1156 2002 ao

146 2047 220 2090 cum
241 2025 308 2089 iam
330 2023 442 2088 deduci
464 2024 609 2088 liburnas
632 2026 803 2107 oporteret,
826 2024 885 2087 tibi
909 2024 1022 2088 uberes
1044 2024 1114 2089 fon-

145 2116 194 2174 tes
216 2113 304 2174 terra
326 2109 485 2188 submisit,
507 2108 567 2172 tibi
588 2108 696 2193 largos
716 2107 835 2173 imbres
857 2107 1002 2192 Iuppiter
1024 2108 1116 2192 fudit,

145 2195 207 2259 tibi
236 2193 316 2259 totis
344 2193 512 2258 fluminum
540 2193 640 2257 alueis
667 2214 804 2258 oceanus
832 2193 1034 2258 redundauit.
1070 2193 1117 2258 ita

144 2279 180 2344 in
212 2300 313 2362 aquas
341 2281 458 2362 sponte
486 2277 659 2342 subeuntes
693 2278 849 2360 impetum
875 2278 1007 2362 nauigia
1034 2276 1115 2342 fece·

144 2365 223 2428 runt
252 2362 316 2427 leui
343 2362 438 2426 modo
465 2364 622 2427 commota
649 2361 724 2424 nisu
753 2361 952 2446 ducentium,
981 2383 1115 2446 quorum
1128 2380 1155 2422 ae

145 2447 187 2512 ad
219 2446 440 2512 felicissimum
473 2445 554 2510 illud
593 2445 757 2510 exordium
796 2445 901 2530 magis
933 2466 1013 2528 opus
1047 2451 1117 2510 erat

144 2532 275 2597 nautico
300 2531 440 2595 carmine
469 2550 565 2613 quam
591 2529 710 2595 labore.
749 2529 844 2594 facilc
870 2531 980 2613 itaque
1009 2530 1114 2614 quiuis

144 2615 317 2699 intellegit,
338 2617 528 2699 imperator,
556 2635 650 2698 quam
672 2614 818 2698 prosperi
839 2617 872 2678 te
895 2635 1059 2680 successus
1080 2615 1115 2678 in

144 2722 179 2764 re
201 2700 364 2764 maritima
385 2699 524 2765 secuturi
544 2699 626 2782 sint,
656 2699 706 2763 cui
731 2699 795 2763 iam
822 2699 868 2763 sic
886 2700 1115 2782 tempestatum

144 2785 346 2869 oportunitas
368 2783 570 2867 obsequatur.
1124 2799 1151 2842 ao

201 2869 293 2934 XIII.
318 2867 408 2932 Felix
428 2868 530 2952 igitur
550 2865 680 2948 talibus,
699 2864 813 2947 Roma,
834 2865 1033 2948 principibus
1050 2864 1114 2948 (fas

145 2958 193 3018 est
221 2955 309 3018 enim
335 2955 372 3017 ut
400 2950 463 3016 hoo
490 2949 618 3015 dicendi
643 2971 759 3013 munus
786 2949 876 3032 pium
903 2949 988 3013 unde
1010 2949 1114 3033 eoepi-

144 3059 215 3102 mus
247 3037 488 3121 terminemus),
520 3033 614 3114 felix,
646 3034 794 3118 inquam,
829 3037 862 3097 et
893 3033 994 3098 multo
1026 3055 1114 3100 nuno

213 3245 227 3292 1
246 3246 355 3293 uestros
374 3241 513 3292 exercitus
531 3241 615 3290 BGV
636 3237 647 3305 [l
667 3241 683 3290 9
702 3239 737 3289 ad
755 3239 949 3304 percipiendas
967 3239 994 3285 Η
1013 3237 1114 3303 (preci-

163 3311 262 3360 iendas
274 3307 305 3373 B)
319 3307 329 3375 ΙΙ
344 3312 374 3360 13
387 3308 533 3360 artiiicium
543 3309 566 3357 Δ
578 3305 588 3372 ΙΙ
603 3309 634 3357 14
647 3311 821 3373 torpesceret
830 3307 862 3356 W
874 3304 885 3372 l
899 3307 930 3356 18
943 3305 1076 3356 sentimus
1085 3307 1113 3355 Η

171 3377 244 3427 caeli
262 3381 334 3426 sent.
354 3377 528 3427 clementiam
546 3389 571 3425 w
588 3372 648 3441 5122
667 3375 740 3424 ludit
757 3375 884 3424 Bcvw:
904 3373 996 3424 fundit
1012 3375 1036 3423 A
1051 3371 1062 3440 ΙΙ
1079 3375 1112 3424 25

143 3444 202 3494 leni
220 3459 236 3576 ἶ
249 3442 253 3508 Ι
271 3446 339 3494 nixu
352 3446 372 3494 B
385 3446 402 3492 0
415 3446 438 3493 v
450 3441 460 3509 ΙΙ
473 3447 505 3494 27
525 3444 615 3507 quinis
628 3443 673 3491 W:
693 3443 790 3506 queuis
802 3456 828 3491 m
845 3442 888 3492 uis
900 3441 923 3490 V
935 3456 953 3490 u
970 3442 1050 3490 uixB
1067 3441 1112 3490 ius

145 3509 223 3575 ΔτΙ
252 3508 285 3562 29
304 3511 349 3562 cui
367 3512 444 3561 Νι
463 3526 523 3561 eum
540 3510 625 3559 ΒΗ
648 3507 659 3575 {l
683 3512 715 3562 33
734 3525 806 3574 nunc
823 3509 908 3561 multo
925 3509 1045 3558 var

924 3591 958 3643 7*
