2582 3992
188 171 251 236 120
477 173 525 225 rv.
552 169 711 224 aunnrur
729 168 865 222 onemo

138 379 141 386 .
250 321 292 386 V.
337 321 388 385 Ex
415 341 477 404 quo
512 319 719 392 manifestum
748 322 797 384 est
825 339 878 384 eos
913 319 968 403 qui
998 317 1158 382 coloniam

186 407 283 472 istam
304 409 355 470 tot
375 405 539 489 tantisque
561 405 675 489 opibus
695 404 796 470 totius
817 403 943 486 imperii
966 403 1089 488 erigere
1111 406 1157 467 at

188 513 249 576 que
278 491 419 556 animare
445 492 628 556 statuerunt
654 488 707 569 uel
735 489 906 572 praecipue
933 487 1039 554 sedem
1066 487 1158 552 illam

188 575 369 640 liberalium
391 575 572 642 litterarum
597 573 681 638 uelle
702 573 860 657 reparari,
889 572 941 637 cui
962 571 1158 656 peculiarem

163 659 403 744 sfrequentiam
425 659 671 724 honestissimae
698 657 874 722 iuuentutis
901 657 1062 722 illustrato
1092 659 1159 720 stu-

190 745 313 810 diorum
336 744 458 810 honore
479 743 687 828 prouiderint.
735 743 785 806 cui
812 741 898 806 enim
926 762 1078 824 umquam
1105 762 1159 804 ue-

188 833 294 894 terum
315 827 498 912 principum
520 829 632 892 tantae
652 826 716 891 fuit
739 847 833 891 curae
860 828 897 890 ut
918 825 1087 890 doctrinae
1112 829 1160 890 at-

190 935 250 996 que
274 913 474 996 eloquentiae
495 912 601 983 studia
621 910 775 976 florerent
796 913 934 994 quantae
954 908 1005 974 his
1026 909 1162 993 optimis

191 1000 222 1062 ct
243 996 533 1080 indulgentissimis
562 996 700 1062 dominis
727 995 856 1080 generis
877 992 1036 1058 humani?
1079 1015 1160 1078 quos

151 1103 177 1142 ¹⁰
190 1081 377 1230 stabnt
391 1080 969 1250 ttttttatsstttqtrtlttz
985 1079 1162 1246 llt‘tt?

190 1250 344 1315 lissimam
369 1251 466 1316 istam
494 1250 634 1315 indolem
663 1247 840 1314 Galliarum
867 1269 997 1312 suarum
1025 1247 1161 1312 interitu

191 1335 306 1400 summi
336 1335 473 1400 doctoris
506 1336 652 1400 orbatam
681 1333 838 1417 respicere
867 1333 993 1417 dignati
1021 1352 1078 1396 suo
1105 1353 1161 1416 po-

189 1420 349 1484 tissimum
382 1419 499 1484 iudicio
526 1421 768 1503 praeceptorem
800 1417 830 1482 ei
862 1417 1161 1500 moderatoremque

152 1505 374 1568 retribuerunt
400 1507 433 1568 et
459 1503 546 1568 inter
573 1504 644 1568 illas
672 1502 893 1586 imperatorias
923 1501 1161 1584 dispositiones,

190 1587 288 1673 longe
315 1588 488 1653 maioribus
516 1609 659 1654 summae
686 1585 903 1671 reipublicae
930 1585 1161 1670 gubernandae

190 1673 428 1756 prouisionibus
462 1673 624 1756 occupati,
661 1671 839 1736 litterarum
866 1691 991 1754 quoque
1019 1669 1160 1734 habuere

192 1757 343 1822 dilectum
371 1779 475 1842 neque
503 1757 596 1822 aliter
623 1779 719 1840 quam
746 1755 774 1822 si
800 1755 939 1838 equestri
960 1757 1085 1818 turmae
1107 1754 1160 1818 uel

193 1841 318 1907 cohorti
339 1843 519 1926 praetoriae
542 1840 771 1906 consulendum
793 1839 893 1922 foret,
917 1860 1011 1922 quem
1032 1838 1161 1922 potissi-

151 1944 178 1984 20
192 1947 280 1991 mum
301 1927 524 2010 praeficerent,
553 1927 602 1990 sui
624 1925 747 1990 arbitrii
770 1945 839 1989 esse
861 1924 1033 2007 duxenmt‚
1062 1944 1104 1987 ne
1126 1922 1161 1986 hi

191 2031 270 2094 quos
294 2011 334 2073 ad
356 2032 446 2094 spem
469 2011 613 2074 omnium
627 2008 837 2074 tribunalium
860 2011 915 2072 aut
936 2007 1098 2088 interdum
1121 2003 1176 2072 a‘d‘

192 2094 354 2240 stipendia
377 2094 599 2178 cognitionum
619 2115 780 2158 sacrarum
802 2095 858 2157 aut
872 2093 1008 2156 fortasse
1031 2091 1071 2156 ad
1090 2091 1163 2175 ipsa

191 2199 234 2261 pa
248 2178 306 2241 atii
333 2177 518 2262 magisteria
544 2177 679 2261 prouehi
705 2179 882 2261 oporteret,
920 2177 1021 2241 ueluti
1048 2197 1161 2260 repen-

192 2262 262 2325 tino
285 2261 396 2326 nubilo
424 2264 459 2326 in
481 2261 593 2327 mediis
621 2261 857 2328 adulescentiae
878 2261 1028 2326 fluctibus
1051 2261 1162 2344 depre-

155 2345 300 2430 arensi,
322 2347 446 2411 incerta
468 2347 596 2412 dicendi
617 2347 712 2433 signa
733 2349 949 2430 sequerentur.

256 2430 312 2496 VI.
356 2431 396 2496 In
423 2453 485 2516 quo
513 2453 588 2516 ego,
617 2433 668 2496 uir
695 2431 941 2515 perfectissime,
969 2429 1053 2494 nihil
1074 2429 1162 2494 laudi

192 2535 282 2579 meae
314 2515 437 2598 tribuo,
475 2516 529 2580 sed
564 2515 687 2581 domini
718 2516 820 2580 nostri
851 2514 1049 2598 Constantii,
1086 2535 1163 2578 uere

192 2599 349 2748 priplicipis
381 2599 557 2664 iuuentutis
564 2599 934 2750 ,lhinqrqquilemterga
960 2599 1163 2746 qqqentqtem

153 2705 590 2852 aalalml'tallaltltlt,
616 2705 682 2853 lul
706 2704 1079 2834 sternuere?
1097 2703 1164 2832 ll}

194 2874 319 2938 quoque
339 2853 528 2938 dignatione
551 2854 728 2918 cumulauit
749 2856 785 2918 nt
805 2874 857 2916 me
871 2851 938 2916 filio
960 2851 1067 2934 potius
1088 2871 1164 2916 meo

193 3043 396 3053 ——a--o--u

263 3161 278 3207 '1
297 3157 422 3210 doctrina
439 3159 462 3208 A
472 3161 504 3207 W
521 3157 531 3224 ΙΙ
548 3161 564 3210 9
583 3155 624 3224 et]
644 3163 728 3225 atque
743 3159 761 3208 0
778 3155 788 3223 ΙΙ
807 3160 837 3209 12
855 3158 985 3209 interitus
996 3159 1020 3206 A
1030 3158 1051 3207 B
1064 3157 1085 3204 V
1102 3154 1113 3222 ΙΙ
1130 3159 1165 3208 16

192 3225 274 3288 longe
293 3226 444 3276 maioribus
461 3227 485 3274 A
496 3227 529 3275 W
540 3226 629 3278 Bora:
647 3243 692 3278 om.
710 3226 731 3275 B
750 3227 800 3277 GV
815 3224 819 3292 Ι
835 3241 937 3276 summe
956 3239 993 3274 w:
1012 3239 1118 3276 summa
1135 3225 1164 3274 Π

193 3289 275 3423 lta
287 3290 558 3426 tilbertus
567 3295 736 3412 'baffi
745 3290 1164 3412 ebertramnus:

195 3425 312 3478 stantini
330 3426 363 3475 W
379 3426 455 3478 Bert.
482 3427 486 3490 Ι
513 3443 578 3479 uere
595 3429 663 3478 Aw
680 3428 771 3482 Bora:
793 3445 840 3480 om.
859 3430 880 3479 B
898 3430 915 3476 0
933 3428 955 3475 V
978 3425 989 3492 ΙΙ
1012 3428 1046 3478 28
1064 3427 1163 3478 iuuen-

194 3493 264 3545 tutis
280 3494 301 3543 B
320 3493 353 3541 V:
372 3494 494 3545 uiuentis
510 3495 534 3544 A
551 3495 568 3543 0
585 3495 619 3543 W
