2586 3996
198 191 261 254 274
519 191 580 242 ΧΗ.
609 189 743 243 rresrr
761 191 841 242 rar.

199 341 392 406 declaratum
420 340 476 423 qui
503 343 535 403 et
562 340 603 403 ab
631 341 779 404 omnibus
807 339 871 426 legi
895 339 1040 405 debuerit
1068 344 1100 404 et
1128 363 1167 406 ex

199 425 357 489 omnibns.
405 446 482 489 nam
514 425 651 507 primum
685 425 746 488 tibi
778 429 882 488 mater
914 423 1075 509 Hispania
1107 428 1166 509 cst,

198 510 293 574 terris
320 510 468 573 omnibus
490 512 576 572 terra
597 508 735 592 felicior,
771 510 821 573 cui
849 509 1042 574 excolendae
1070 513 1167 594 atque

199 592 278 658 adeo
303 593 453 658 ditandae
480 594 656 677 impensius
679 614 775 676 quam
804 593 916 658 ceteris
939 594 1089 678 gentibus
1115 615 1167 658 su·

174 677 1090 834 ⁵{titltlbiddittlttradddittl
1106 701 1167 827 tt

199 848 258 912 bus
281 847 385 911 media
399 847 527 911 fouetur
546 847 614 911 axis
628 847 791 931 utriusque
806 848 970 930 temperie,
994 785 1169 931 quaeghinc

199 931 357 1014 Pyrenaei
379 932 551 1014 montibus,
574 931 665 995 illinc
687 931 801 996 oceani
823 931 972 1014 aestibus,
995 932 1071 996 inde
1089 930 1168 1014 Tyr-

200 1015 294 1078 rheni
321 1015 419 1078 maris
441 1014 588 1079 litoribus
616 1020 768 1080 coronata
795 1019 930 1080 naturae
958 1015 1098 1080 sollertis
1120 1016 1169 1080 in-

163 1117 188 1156 10
201 1099 297 1185 genio
320 1100 409 1162 uelut
431 1099 515 1162 alter
534 1099 619 1163 orbis
641 1098 825 1164 includitur.
855 1099 935 1163 adde
949 1104 1000 1164 tot
1021 1101 1169 1186 egregias

202 1184 363 1266 ciuitates,
391 1183 470 1248 adde
494 1183 579 1248 culta
600 1184 785 1268 incultaque
808 1183 916 1248 omnia
935 1186 989 1249 uel
1011 1185 1170 1248 fructibus

201 1269 297 1352 plena
318 1269 370 1331 uel
385 1269 546 1354 gregibus,
569 1269 649 1332 adde
670 1268 879 1332 auriferorum
901 1290 978 1352 opes
992 1268 1169 1351 fluminum,

202 1354 282 1416 adde
313 1352 507 1418 radiantium
539 1352 669 1417 metalla
698 1374 906 1438 gemmarum.
950 1354 1016 1417 scio
1044 1353 1170 1418 fabulas

201 1442 368 1518 poetarum
384 1437 514 1502 auribus
529 1438 707 1501 mulcendis
722 1442 865 1522 repertas
884 1437 992 1521 aliqua
1006 1437 1171 1503 nonnullis

164 1542 190 1582 ra
204 1523 353 1606 gentibus
383 1522 566 1586 attribuisse
594 1522 759 1586 miracula.
805 1543 901 1606 quae,
930 1526 968 1586 ut
996 1522 1062 1586 sint
1084 1544 1171 1602 uera,

203 1610 279 1682 sunt
301 1606 443 1690 singula,
477 1627 537 1670 nec
565 1607 630 1670 iam
657 1607 782 1672 excutio
804 1606 983 1670 ueritatem.
1028 1607 1107 1688 sint,
1137 1610 1173 1670 ut

142 1762 169 1767 ,Ἣ
203 1690 369 1775 scribitur,
393 1690 538 1776 Gargara
559 1695 719 1774 prouentu
739 1691 826 1755 laeta
848 1691 992 1772 triticeo,
1022 1691 1173 1755 Meuania

203 1779 397 1839 memoretur
440 1778 599 1857 armante,
644 1775 821 1859 Campania
859 1779 1027 1839 censeatur
1063 1779 1175 1840 monte

204 1859 367 1943 Gaurano,
389 1859 492 1958 Lydia
513 1860 712 1944 praedicetur
734 1881 827 1924 amne
850 1858 996 1944 Pactolo,
1020 1859 1095 1924 dum
1116 1859 1174 1924 Hi-

166 1965 191 2004 20
206 1944 337 2028 spaniae
360 1967 415 2008 um
438 1944 588 2028 quicquid
609 1945 724 2026 abique
738 1944 888 2008 laudatur
910 1947 1066 2029 assurgat.
1094 1944 1175 2010 haec

205 2027 392 2093 durissimos
413 2029 541 2113 milites,
565 2028 644 2093 baec
661 2028 952 2113 experientissimos
967 2029 1072 2112 duces,
1094 2027 1175 2094 baec

204 2112 451 2177 facundissimos
475 2117 627 2196 oratores,
649 2112 730 2191 haec
752 2113 946 2178 clarissimos
967 2117 1057 2177 uates
1079 2113 1175 2197 parit,

204 2197 285 2260 haec
306 2197 446 2260 iudicum
468 2201 580 2281 mater,
602 2198 681 2262 baec
702 2197 885 2281 principum
908 2201 966 2262 est.
996 2199 1077 2262 haec
1098 2197 1176 2261 Tra·

205 2281 316 2344 ianum
338 2280 444 2367 illum,
467 2281 546 2347 baec
568 2281 719 2366 deinceps
741 2281 944 2346 Hadrianum
966 2282 1055 2346 misit
1076 2282 1176 2366 impe-

166 2385 193 2426 as
206 2365 271 2450 rio,
294 2365 370 2429 huic
392 2369 424 2430 te
447 2366 541 2432 debet
564 2366 743 2451 imperium.
789 2369 881 2432 cedat
902 2365 952 2430 his
973 2367 1068 2431 terris
1090 2368 1178 2430 terra

207 2449 369 2514 Cretensis
397 2452 488 2535 parui
510 2451 598 2515 Iouis
622 2451 762 2535 gloriata
791 2450 956 2515 cunabulis
985 2455 1017 2516 et
1038 2450 1178 2537 geminis

206 2533 304 2597 Delos
326 2537 452 2616 reptata
473 2535 658 2598 numinibus
686 2539 719 2599 et
740 2535 870 2599 alumno
892 2534 1031 2600 Hercule
1052 2535 1178 2600 nobiles
1282 2537 1283 2544 ’

207 2617 347 2681 Thebae.
381 2618 477 2682 fidem
499 2623 645 2683 constare
667 2619 828 2684 nescimus
851 2619 986 2685 auditis:
1010 2621 1102 2684 deum
1123 2618 1178 2682 de·

208 2701 256 2766 dit
277 2701 436 2787 Hispania
457 2725 551 2787 quem
574 2703 729 2772 uidemus.

168 2807 194 2848 ³0
272 2786 311 2851 V.
357 2786 438 2851 Erat
466 2789 568 2852 iustae
596 2787 866 2873 compensationis
894 2789 1018 2853 occasio
1046 2791 1095 2871 ut,
1123 2788 1181 2871 qui
1281 2827 1282 2856 t

209 2873 248 2936 de
270 2871 391 2955 patriae
412 2875 488 2937 tuae
509 2872 654 2937 laudibus
677 2894 779 2958 pauca
800 2872 967 2956 dixissem,
993 2873 1097 2956 patris
1118 2872 1181 2938 sal.
1281 2867 1282 2892 ³

282 3047 296 3093 1
315 3045 388 3108 priua
406 3050 435 3094 et
453 3061 499 3094 cm.
517 3046 540 3093 Δ
560 3042 571 3109 ΙΙ
592 3047 607 3094 V
625 3042 702 3107 hinc]
721 3044 826 3094 buicA
848 3041 858 3109 11
878 3046 895 3094 8
912 3044 1035 3109 pirensis
1053 3049 1138 3093 mont.
1157 3057 1184 3092 w

210 3108 213 3173 Ι
235 3113 341 3174 tyrreni
357 3114 380 3160 Δ
399 3113 415 3160 0
437 3114 482 3160 W:
501 3112 597 3161 tirenei
613 3113 634 3160 B
651 3112 674 3160 V
694 3109 705 3176 ΙΙ
729 3114 829 3162 10-13
848 3109 931 3177 adde]
950 3116 981 3160 at
997 3111 1030 3161 de
1048 3112 1072 3160 Δ
1090 3119 1185 3176 quater

207 3173 215 3240 (Ι
236 3180 265 3225 11
285 3178 451 3228 fructicibus
470 3179 487 3232 0
504 3177 514 3243 ΙΙ
533 3181 564 3228 14
581 3179 739 3242 mulgendis
756 3180 779 3227 Δ
795 3177 805 3244 ΙΙ
828 3181 859 3230 15
876 3176 920 3244 nt]
941 3194 995 3228 non
1013 3176 1108 3243 01116
1127 3180 1185 3231 sint

209 3243 280 3306 sing.
298 3257 323 3292 w
340 3242 350 3308 ΙΙ
370 3247 402 3294 17
419 3247 585 3310 prouentula
602 3253 630 3296 et
648 3246 776 3296 atriticeo
795 3247 936 3308 (atriciceo
955 3247 987 3294 W
1005 3263 1022 3296 a
1041 3247 1135 3297 tritico
1154 3245 1184 3335 0)

208 3312 243 3368 1,
265 3326 332 3359 corr.
351 3311 374 3357 V
391 3329 422 3360 m.
442 3317 468 3378 2,
488 3328 505 3378 ς
526 3312 531 3378 Ι
549 3314 713 3363 menaniac
737 3312 746 3377 ΙΙ
776 3317 810 3364 20
827 3313 927 3378 ubique
947 3313 1037 3380 emp:
1056 3330 1103 3365 om.
1120 3315 1150 3362 1
1176 3313 1184 3378 ‚l
1279 3321 1280 3362 i

209 3379 242 3426 21
260 3375 362 3425 milites
374 3404 407 3414 -
420 3379 629 3431 facundissimos
646 3396 692 3429 cm.
704 3381 725 3428 B
737 3381 760 3427 V
775 3381 779 3444 Ι
794 3381 1043 3446 experientissimos
1055 3381 1080 3430 A
1090 3380 1184 3432 Bere:
1279 3371 1280 3390 ¹

209 3442 415 3508 expertissimos
433 3447 453 3494 Β
472 3449 489 3494 c
506 3448 529 3494 V
545 3450 579 3497 W
599 3446 609 3512 ΙΙ
629 3449 663 3498 24
680 3448 748 3498 baec
765 3465 812 3498 om.
829 3447 852 3498 A
872 3446 882 3514 ll
906 3451 939 3499 27
958 3445 1081 3515 reptata]
1101 3463 1184 3514 prae·
1279 3435 1280 3460 ³

209 3510 269 3560 lata
286 3510 385 3558 conieci
401 3514 417 3559 l.
435 3515 452 3561 l.
470 3529 497 3575 p.
516 3517 569 3563 222
1279 3529 1280 3538 ,
