2582 3992
437 177 597 240 Taurino
615 191 651 240 n.
676 191 785 242 ea-ee.
1052 187 1092 252 61

129 337 258 436 legibus
277 335 449 416 subiecisti,
475 337 612 422 legibue,
637 337 762 420 Caesar,
791 361 869 422 quas
888 360 985 403 nemo
1008 339 1094 422 prin-
1168 399 1169 402 ,
1267 381 1268 384 =

131 422 194 506 cipi
222 421 361 504 scripsit.
411 421 467 485 sed
493 425 530 485 iu
558 421 640 486 nihil
671 422 808 506 amplius
836 424 884 488 uis
909 423 970 486 eibi
998 423 1094 487 licere

129 528 225 590 quam
247 505 357 570 nobis:
380 505 428 569 sic
448 505 486 569 fit
506 509 544 570 ul
565 528 625 570 nos
646 507 707 571 cibi
728 507 801 590 plus
822 507 967 572 uelimus.
1011 507 1095 591 quod

130 612 192 676 ego
213 612 300 654 nunc
322 590 460 674 primum
484 590 590 672 audio,
618 612 705 655 nunc
725 591 865 675 primum
886 592 990 656 disco:
1027 613 1095 656 non

90 677 92 682 ’
130 679 179 739 esi
199 675 350 758 princeps
373 695 470 757 supra
484 675 582 760 leges,
606 676 661 740 sed
683 675 770 760 leges
792 697 889 759 supra
908 676 1121 760 principem,a

129 760 276 842 idemque
293 757 421 824 Caesari
443 759 566 822 consuli
586 759 670 843 quod
687 761 800 824 ceteris
819 760 984 824 nonlicet.
1013 761 1096 824 iurai
1119 803 1127 812 -

131 845 166 908 in
194 845 283 928 leges
317 843 556 908 attendentibus
584 845 633 908 dis
667 847 755 926 (nam
789 846 839 909 oui
871 843 974 928 magis
1001 866 1096 928 quam

131 928 261 994 Caesari
289 928 507 1010 attendan’cll,
534 929 619 994 iurat
647 929 889 994 obseruantibus
911 929 960 994 his
982 929 1096 1013 quibus
1186 983 1188 986 .

130 1013 216 1077 idem
250 1012 417 1076 iurandum
446 1016 509 1095 est,
544 1035 611 1078 non
638 1015 770 1098 ignarus
804 1015 948 1098 alioquin
974 1014 1097 1078 nemini

130 1096 313 1182 religiosius
340 1097 424 1179 quod
445 1098 598 1162 iurauerit
625 1099 866 1163 custodiendum
890 1120 987 1182 quam
1008 1099 1096 1163 euius
1111 1118 1135 1156 10

131 1182 271 1246 maxime
285 1183 420 1246 interest
437 1202 503 1246 non
519 1183 665 1266 peierari.
694 1184 801 1267 itaque
817 1186 849 1246 el
863 1183 1007 1247 abilurus
1023 1203 1096 1248 con-

132 1267 239 1330 sulatu
261 1266 375 1329 iurasti
395 1269 428 1330 te
450 1265 533 1330 nihil
556 1269 667 1331 conire
688 1267 777 1364 leges
791 1267 915 1330 fecisse.
944 1288 1097 1352 magnum

131 1355 192 1415 hoc
215 1353 300 1433 erat,
324 1371 395 1415 cum
418 1351 635 1434 promitterem
669 1373 786 1433 marus,
814 1355 984 1434 postquam
1005 1371 1096 1434 prae·

133 1435 254 1499 sciuisti.
284 1436 349 1498 iam
371 1437 490 1498 lobiens
510 1435 681 1518 procedere
703 1436 738 1499 in
759 1439 862 1500 rostra
883 1436 1097 1499 inescensum·

132 1540 193 1603 que
226 1518 317 1583 illum
351 1519 517 1602 superbiae
549 1520 732 1604 principum
763 1521 868 1584 locum
896 1524 1012 1602 terere,
1045 1519 1136 1584 hic1⁵

134 1604 309 1687 suscipere,
333 1602 385 1666 hic
407 1625 526 1686 ponere
548 1605 771 1688 magistratus,
795 1625 889 1686 quam
910 1604 1045 1688 dignum
1066 1607 1099 1668 te

134 1709 292 1772 quamque
310 1687 470 1751 diuersum
492 1688 716 1752 consuetudini
735 1688 864 1750 illorum
885 1688 939 1770 qui
955 1688 1100 1770 pauculis

134 1772 245 1836 diebus
274 1775 399 1858 gestum
425 1771 627 1836 consulatum
633 1822 642 1854 ,
674 1772 773 1836 immo
801 1793 869 1836 non
892 1774 1017 1855 gestum
1046 1773 1101 1834 ab·

134 1857 276 1922 iciebani
297 1878 354 1941 per
374 1857 528 1921 edictum!
552 1857 612 1921 hoc
633 1877 692 1941 pro
716 1856 875 1944 conlione,
897 1877 955 1938 pro
977 1855 1098 1934 restria,

135 1963 192 2025 pro
222 1941 467 2024 iureiurando,
503 1941 626 2006 scilicet
654 1945 691 2005 ui
716 1941 828 2024 primis
858 1944 999 2004 extrema
1025 1960 1099 2004 con-
1113 1959 1138 1997 20

135 2029 287 2110 gruerenl
318 2028 415 2109 ulque
447 2026 508 2089 hoc
543 2025 611 2091 solo
644 2025 907 2110 intellegerentur
933 2024 997 2108 ipsi
1026 2044 1099 2088 con-

135 2111 219 2175 sules
241 2110 341 2174 fuisse
385 2109 446 2174 uod
469 2110 525 2173 alii
546 2131 612 2174 non
635 2111 782 2174 fuissent.

199 2193 314 2258 LXVI.
400 2215 444 2258 on
465 2195 641 2276 lransiliui,
669 2197 777 2278 patres
800 2193 986 2277 conscripli,
1015 2193 1101 2276 prin-

136 2280 216 2364 cipis
239 2278 344 2344 nostri
366 2279 582 2362 consulatum,
608 2279 663 2343 sed
686 2279 823 2342 eundem
844 2279 879 2342 in
901 2278 1005 2342 locum
1028 2298 1101 2341 con-

135 2364 194 2430 tuli
216 2362 366 2446 quicquid
389 2363 427 2426 de
449 2363 517 2426 iure
539 2363 674 2426 iurando
698 2363 867 2427 dicendum
890 2366 966 2426 erac
1000 2379 1141 2445 nequeas

137 2449 237 2531 enim,
266 2451 304 2511 ui
325 2447 360 2511 in
382 2446 484 2510 sterili
506 2447 674 2531 ieiunaque
696 2447 846 2530 materia,
866 2447 1010 2510 'eandem
1033 2467 1102 2529 spe·

137 2534 218 2598 ciem
246 2531 350 2596 laudis
378 2532 526 2596 diducere
557 2554 594 2597 ac
624 2553 773 2616 spargere
807 2535 903 2616 alque
929 2530 1103 2595 idenlidem

137 2619 277 2681 tractare
304 2615 465 2680 debemus.
517 2617 666 2682 illuxerat
693 2617 814 2701 primus
842 2615 1027 2681 consulalus
1055 2615 1106 2702 lui

137 2700 218 2783 dies,
248 2720 312 2784 quo
340 2704 376 2763 lu
399 2701 520 2765 curiam
543 2702 706 2786 ingressus
734 2722 820 2765 nuno
847 2701 990 2784 singulos
1017 2719 1104 2762 nunc

137 2785 304 2850 uniuersos
327 2784 514 2849 adhortatus
537 2807 570 2849 es
593 2806 753 2848 resumere
775 2785 971 2864 libertatem,
996 2804 1103 2865 capes·
1117 2800 1142 2840 30

138 2891 206 2934 sere
222 2869 315 2953 quasi
331 2868 507 2932 communis
523 2869 648 2952 imperii
665 2889 767 2952 curas,
782 2868 954 2952 inuigilare
966 2867 1103 2960 publicis

205 3111 223 3158 4
240 3123 313 3158 nunc
330 3108 446 3172 primum
464 3107 546 3158 audio
565 3123 612 3159 om.
629 3108 662 3156 W
687 3104 697 3172 ΙΙ
727 3107 742 3156 5
760 3119 843 3171 supra
860 3105 913 3172 leg.
933 3107 1007 3157 edd:
1025 3121 1107 3171 super

140 3175 193 3240 leg.
211 3175 238 3224 11
254 3177 258 3240 Ι
275 3189 359 3240 super
376 3191 416 3240 pr.
435 3178 452 3224 0
468 3174 478 3242 ss
496 3178 511 3227 7
529 3174 605 3239 leges
623 3176 743 3238 Lipsius:
760 3173 848 3238 legem
864 3175 891 3224 11
907 3172 911 3238 Ι
926 3175 971 3224 cui
988 3188 1026 3224 w:
1046 3191 1107 3224 cum

139 3245 167 3291 Ι
219 3242 325 3294 θίᾱθω
342 3243 387 3294 ius
404 3243 546 3310 iurandum
563 3244 596 3292 W
617 3240 627 3307 ΙΙ
649 3245 680 3292 11
701 3243 821 3308 peierari
838 3243 957 3307 Lipsius:
984 3243 1106 3307 peierare

139 3311 167 3358 1
188 3309 193 3374 Ι
221 3312 253 3360 14
271 3311 446 3362 inesceusum
463 3311 541 3362 illum
558 3312 591 3360 W
613 3307 623 3375 ΙΙ
645 3313 676 3360 17
700 3309 892 3362 consuetudini
908 3312 1016 3373 scripsi:
1044 3326 1108 3360 con·

140 3377 285 3428 suetudine
307 3377 334 3426 Η
358 3377 368 3444 ΙΙ
392 3381 425 3430 23
439 3378 588 3432 ¹transiliui
608 3379 629 3426 B
648 3381 678 3427 c:
705 3377 873 3429 transiluiv
898 3377 1018 3429 transilii
1040 3392 1065 3428 w
1094 3375 1106 3440 ll

140 3446 173 3495 27
194 3444 325 3560 diducere
345 3447 490 3496 Liuineius:
517 3446 648 3497 deducere
667 3447 694 3493 H
715 3443 725 3510 11
746 3445 779 3495 28
802 3445 945 3497 debeamus
962 3445 983 3493 B
1002 3446 1024 3493 V
1044 3443 1054 3508 ΙΙ
1076 3447 1107 3493 31

142 3527 210 3576 quas
