2572 3990
452 187 666 242 1111111101).
691 191 801 242 ar-ea.
1063 189 1108 254 59

160 370 169 388 ·-
204 335 321 402 LXIII.
351 335 541 402 Praesertor
561 338 626 403 iam
649 338 689 403 ad
709 339 908 404 consulatum
923 342 1022 418 tuum,
1047 342 1108 404 etsi
1173 401 1174 404 ,
1266 351 1267 358 ’

136 423 217 484 sunt
248 420 403 504 'quaedam
435 421 476 486 ad
509 422 714 487 consulatum·
740 423 872 506 quidem
901 424 1106 508 pertinentia,

137 507 217 571 aute
250 505 453 570 consulatum
485 509 611 591 tamen3
649 506 684 570 in
712 507 824 590 primis
851 507 1106 590 :quad-eomitiis

137 589 204 658 tuis
237 588 412 657 interfuisti
446 590 634 656 candidatus
666 612 733 655 non
767 593 950 656 consulatus
979 595 1107 662 tantum

139 672 195 736 sed
222 673 472 740 immortalitatis
490 675 598 740 etiam
625 675 746 760 gloriae
779 678 811 740 et
837 677 989 760 exempli,
1022 677 1132 761 quoda

139 761 349 841 sequerentur
369 759 647 842 principantem,
673 761 753 825 mali
777 761 980 825 mirarentur.
1025 761 1107 825 uidit

136 845 171 906 te
198 843 337 925 populus
358 842 520 911 maanus
550 845 584 908 in
611 843 668 910 illa
693 848 800 909 uetere
828 845 1000 928 potestatis
1023 867 1105 910 suae

135 926 239 990 sede-t·
252 947 422 1010 perpessus
445 949 478 992 es
500 929 633 1013 longum
648 927 729 996 illud
752 949 881 994 oarmen
903 930 1105 994 eomitiorum

137 1032 199 1076 nee
233 1011 298 1080 iam
314 1069 316 1074 .
330 1012 526 1076 irridendam
546 1034 680 1078 simeram
713 1013 900 1097 consulque,
921 1015 968 1080 sio
999 1014 1104 1078 faetus

138 1109 170 1158 es
197 1099 235 1158 ut
251 1117 344 1162 ²trusis
377 1117 418 1160 ex
444 1097 536 1163 uobis
565 1118 644 1180 quos
671 1097 749 1162 faeie
785 1097 938 1162 eonsules.
988 1104 1104 1181 quotus
1119 1121 1143 1160 ιο

135 1181 271 1262 quisque
302 1181 485 1264 prineipum
522 1181 780 1250 antecedentium
807 1183 970 1248 honorem
997 1183 1104 1247 vistum

135 1268 199 1329 aut·
215 1265 397 1332 consulatui
419 1265 534 1330 habuit
555 1269 613 1330 aut
631 1267 774 1349 populo?
791 1287 871 1332 non
893 1267 949 1331 alii
970 1267 1104 1332 marcidi

135 1369 249 1414 somno
285 1349 497 1434 hesternaque
537 1372 615 1416 eona
650 1351 865 1416 redundantes
884 1385 885 1390 κ
903 1351 1104 1415 comitiorum

136 1453 264 1497 suorum
294 1435 424 1501 nuntios
450 1435 714 1518 opperiebantur,
744 1435 804 1500 alii
826 1457 904 1500 sane
929 1436 1104 1520 peruigiles

136 1521 170 1582 et
189 1518 366 1601 insomnes7
396 1519 451 1584 sed
473 1519 558 1584 iutra
580 1519 699 1584 cubilia
721 1541 779 1584 sua
800 1519 865 1584 illis
888 1520 969 1603 ipsis
990 1523 1103 1584 consu·
1117 1540 1141 1580 15

137 1601 218 1666 libus
240 1625 261 1666 a
277 1603 398 1686 quibus·
414 1605 560 1669 eonsules
583 1604 851 1670 renuntiabantur
862 1605 966 1668 *exilia
989 1609 1021 1668 et
1034 1625 1103 1668 eae·

136 1685 190 1750 des
217 1687 496 1754 machinabantur..
538 1709 679 1771 opraua
706 1691 738 1750 et
759 1688 864 1752 insuia
889 1709 985 1752 uerae
1006 1689 1103 1752 maie·

136 1771 228 1836 statis
241 1773 384 1852 ambitio,
397 1773 626 1856 eonoupisoere
635 1771 790 1836 honorem
799 1793 897 1855 ¹quern
910 1771 1102 1856 dedigneris,

136 1855 304 1952 dedignari
334 1879 429 1940 quem
459 1857 662 1940 concupieris
668 1905 677 1939 ,
716 1855 852 1940 eumque
881 1877 920 1919 ex
946 1856 1102 1939 proximis

135 1938 235 2004 hortis
263 1962 409 2024 eampum
427 1945 472 2004 et
500 1942 630 2010 comitia
656 1943 859 2025 prospectes,
895 1940 940 2006 sie
969 1941 1009 2004 ab
1036 1940 1102 2004 illis
1115 1961 1140 2000 so

135 2024 253 2105 abesse,
277 2027 438 2108 tamquam
455 2025 607 2092 Danuuio
621 2023 983 2109 Rhenoquedirinrarel
1013 2045 1102 2090 auer-

135 2110 213 2175 seris
240 2113 277 2172 tu
298 2109 414 2174 honori
438 2113 494 2173 tuo
523 2113 651 2193 sperata
678 2110 831 2194 suffragia
845 2109 1102 2194 s-reauntierique

135 2196 166 2256 te
188 2194 354 2259 consulem
381 2195 511 2259 iussisse
538 2197 711 2260 mutantes
730 2195 860 2260 -liberae
889 2194 1031 2259 ciuitatis
1058 2215 1102 2256 ne

135 2278 371 2344 simulationem
393 2278 521 2362 quidem
544 2278 673 2344 seruas?
705 2279 868 2344 abstineas
891 2277 1027 2362 denique
1050 2298 1101 2342 oo-

134 2361 233 2428 mitiis
261 2362 427 2428 abstrusus
445 2365 549 2446 ,atque
577 2363 719 2442 abditus,
749 2363 841 2446 quasi
862 2361 1012 2427 illia-tibi
1034 2382 1100 2426 non
1114 2377 1139 2418 2⁵

132 2447 318 2513 eonsulatus
347 2447 455 2528 detur,
493 2448 547 2512 sed
570 2447 750 2532 abrogetur
777 2446 971 2530 imperium?
997 2445 1101 2510 'haee

132 2531 298 2614 persuasio
333 2531 570 2614 superbissimis
597 2531 734 2596 dominis
762 2535 832 2596 erat
858 2533 895 2596 ut
922 2529 984 2594 sibi
1014 2529 1101 2593 uide-

133 2619 249 2682 rentur
264 2616 427 2700 principes
449 2615 692 2699 essedesi'nere,
715 2615 744 2680 si
766 2615 842 2700 quid
855 2615 1000 2679 faeerent
1020 2617 1100 2678 tam-

131 2720 230 2782 quam
254 2703 446 2765 senatores..
471 2699 614 2784 plerique
636 2704 837 2765 tamennon
859 2704 926 2764 tam
949 2699 1100 2781 superbia
1148 2773 1152 2779 ,

132 2805 227 2866 quam
255 2788 343 2848 metu
365 2785 502 2868 quodam
524 2785 805 2848 submonebantur.
852 2805 892 2846 an
917 2786 1100 2864 stuprorum
1113 2797 1138 2837 ³0

133 2868 193 2933 sibi
212 2870 470 2952 maestarumque
491 2869 636 2932 noctium
658 2867 950 2950 oonseiiauspieia.
958 2865 1100 2948 polluere

132 2955 353 3036 sacratumque
376 2974 524 3036 eampum
552 2953 677 3016 nefario
699 2951 853 3015 auderent
880 2949 1099 3014 contaminare

200 3177 213 3224 1
233 3179 357 3226 reuertar
375 3189 406 3224 wi
420 3171 430 3240 ΙΙ
452 3177 467 3226 5
490 3176 574 3224 etiam
595 3175 703 3238 scripsi:
718 3178 757 3224 ‘et
774 3176 802 3222 1
821 3173 903 3224 etiam
926 3177 952 3222 et
969 3173 1070 3222 Kailios
1095 3169 1099 3236 Ι

132 3244 239 3294 ulterram
257 3248 284 3293 et
301 3244 388 3294 omli
412 3241 421 3307 ll
447 3245 477 3294 12
495 3239 563 3308 non]
582 3257 647 3292 nam
664 3255 688 3290 w
712 3239 722 3306 ss
748 3244 779 3292 13
802 3235 995 3305 redundantes]
1013 3241 1101 3290 ‘malim

133 3314 275 3362 ructantes
288 3307 298 3374 ll
311 3312 344 3361 16
361 3311 558 3361 renuntiabant
576 3311 593 3357 (1
609 3311 613 3370 Ι
630 3309 741 3360 eaedem
758 3311 793 3371 11,
812 3309 920 3360 carreni
936 3305 946 3372 ΙΙ
965 3309 996 3357 17
1014 3322 1101 3372 parua

132 3376 165 3426 W
177 3374 187 3441 l
199 3379 233 3428 20
251 3383 411 3442 perspeetes
427 3376 526 3442 1111121
545 3377 687 3428 dirimente
706 3377 782 3440 θυεμ.
802 3375 958 3426 dirimerem
969 3376 1101 3424 Liuineius

167 3447 200 3496 23
217 3443 358 3496 consulem
369 3447 415 3495 W:
436 3444 547 3495 consule
564 3442 668 3510 11011
685 3444 809 3496 ciuitatis
824 3444 869 3494 W:
890 3443 998 3494 ciuitati
1015 3441 1101 3490 Bel

167 3513 200 3562 27
211 3508 285 3578 sibi]
306 3513 330 3564 si
347 3513 369 3560 V
386 3511 445 3578 1128
463 3513 617 3563 desinerent
634 3513 655 3560 B
673 3512 694 3562 V
