2582 3992
176 181 218 247 60
439 151 470 172 N
499 183 522 232 1.
559 183 588 233 c.
606 183 723 234 rurnn
741 183 821 233 ran.

175 332 338 418 uestigio?
366 353 434 396 non
451 329 535 395 'adeo
556 331 631 396 deos
651 329 859 415 hominesque
882 335 1146 414 contempserant

175 421 212 482 ut
237 419 273 482 in
300 417 357 480 illa
390 415 625 500 speciosissima
652 415 726 480 sede
753 415 919 480 hominum
950 416 1143 500 deorumque

177 502 337 566 coniectos
359 500 394 564 in
416 522 450 564 se
472 500 580 565 oeulos
602 500 687 564 ferre
710 521 748 564 ac
769 501 894 583 perpeti
915 503 1056 582 possent.
1083 501 1145 566 tibi

177 589 290 652 contra
312 591 344 650 et
365 585 541 649 moderatio
563 588 618 648 tun
641 585 740 648 suasit
768 587 800 648 et
822 584 976 648 sanctitas
998 587 1035 648 nt
1055 587 1090 648 te
1112 589 1146 650 et

151 670 327 818 treliqioni
349 670 479 734 deorum
503 672 535 732 et
556 669 682 734 iudiciis
704 668 872 733 hominum
894 668 1069 733 exhiberes.

267 753 355 818 XIV.
406 753 473 817 Alii
501 753 702 817 consulatum
729 756 804 818 ante
827 775 921 836 quam
949 752 1144 838 acciperent,

175 843 252 902 tue
290 839 365 902 dum
388 837 506 920 accipis
528 836 682 912 meruisti.
708 841 838 920 peracta
861 841 953 901 erant
975 837 1146 902 sollemnia

177 923 388 1004 comitiorum,
413 922 440 986 si
454 923 633 1006 principem
649 923 817 1006 cogitares,
839 922 966 1004 iamque
989 943 1023 987 se
1040 922 1146 986 omnis

176 1007 271 1070 turba
293 1009 519 1090 commoneret,
544 1028 615 1070 cum
637 1009 673 1070 tu
695 1006 886 1070 mirantibus
910 1006 1033 1070 eunctis
1056 1027 1144 1071 acce·

138 1112 164 1151 10
178 1091 226 1155 dis
257 1091 298 1154 ad
330 1091 469 1155 consulis
500 1090 626 1174 sellam,
660 1091 854 1176 adigendum
884 1094 916 1154 te
944 1090 1077 1174 praebes
1108 1091 1144 1154 in

178 1174 275 1239 uerba
295 1175 495 1258 principibus
516 1175 644 1260 ignota,
678 1175 742 1239 nisi
766 1197 837 1239 cum
860 1175 963 1238 iurare
991 1179 1146 1259 cogerent

142 1313 145 1318 Α
178 1259 268 1324 alios.
318 1260 407 1325 uides
440 1281 536 1343 quam
569 1260 784 1324 necessarium
814 1259 912 1323 fuerit
943 1259 1145 1323 consulatum

177 1365 244 1408 non
276 1365 434 1409 recusare.
484 1366 551 1409 non
577 1349 778 1428 putassemus
810 1343 896 1408 istud
923 1346 955 1407 te
982 1343 1144 1408 facturum

176 1429 285 1511 fuisse,
308 1429 335 1492 si
357 1449 547 1493 recusasses.
584 1431 706 1512 stupeo,
730 1432 839 1512 patres
863 1428 986 1492 conseri
1010 1429 1047 1511 ti,
1070 1449 1144 1491 nec·

139 1531 163 1572 15
178 1511 254 1576 dum
281 1514 359 1577 satis
387 1517 442 1577 aut
464 1514 564 1577 oculis
593 1513 672 1577 meis
700 1516 755 1577 aut
777 1513 906 1576 auribus
933 1451 1027 1577 eredo
1049 1515 1145 1595 atque

176 1596 353 1661 identidem
380 1618 432 1661 me
460 1619 503 1662 an
531 1597 702 1680 audierim,
734 1620 776 1661 sn
803 1597 939 1662 uiderim
967 1597 1088 1661 interro
1113 1617 1142 1660 o.

177 1682 353 1764 imperator
380 1703 456 1780 ergo
484 1685 515 1747 et
544 1681 721 1748 (lassaret
748 1684 914 1766 Augustus
942 1687 971 1746 ct
997 1617 1144 1764 pontilex

175 1767 333 1830 maximus
356 1770 447 1832 stetit
470 1771 544 1831 ante
559 1768 717 1852 gremium
735 1765 884 1850 consulis,
907 1765 1050 1849 seditque
1069 1786 1143 1829 con-

177 1849 227 1915 sul
248 1852 394 1934 principe
413 1846 492 1932 ante
515 1873 549 1915 se
571 1856 692 1934 stante,
719 1854 751 1915 et
773 1851 856 1914 sedit
876 1850 1073 1934 inturbatuS,
1096 1850 1144 1913 in·

138 1952 163 1992 ao
176 1935 306 1998 territus
341 1939 373 1998 et
399 1937 564 2019 tamquam
595 1937 640 2000 ita
666 1935 735 1999 fieri
768 1936 891 2000 soleret.
939 1935 1017 2017 quin
1046 1934 1144 1998 etiarn

176 2021 275 2083 stanti
297 2019 410 2082 sedens
433 2019 572 2102 praeiuit
599 2021 648 2084 ius
670 2019 855 2102 iurandum,
885 2022 917 2082 et
937 2018 992 2083 ille
1013 2018 1143 2100 iurauit,

177 2103 333 2185 expressit
367 2103 613 2186 explanaritque
647 2103 746 2167 uerba
778 2104 892 2186 quibus
920 2105 1017 2186 caput
1039 2123 1141 2183 suum,

177 2185 306 2249 domurn
329 2208 429 2268 suam,
452 2187 480 2250 si
502 2187 605 2252 sciens
628 2187 805 2272 fefellisset,
828 2188 959 2252 deorum
981 2187 1048 2251 irae
1070 2208 1144 2251 con·

178 2274 326 2334 secraret.
361 2270 486 2355 ingens,
511 2269 637 2353 Caesar,
661 2275 693 2337 et
713 2293 773 2356 par
794 2273 899 2356 gloria
920 2274 986 2355 tua,
1010 2273 1077 2336 siue
1099 2271 1144 2334 fe·

138 2368 163 2410 2⁵
178 2354 281 2418 cerint
295 2355 380 2418 istud
395 2359 507 2438 postea
521 2357 684 2441 principes
702 2357 852 2420 siuenon
867 2356 1013 2420 fecerint.
1035 2355 1145 2419 ullane

178 2438 255 2501 setis
278 2439 377 2524 digna
398 2441 592 2523 praedicatio
606 2446 663 2506 ¹est
684 2440 769 2506 idem
791 2441 885 2505 tertio
912 2441 1075 2504 consulem
1098 2440 1144 2504 fe·

177 2522 257 2585 cisse
285 2523 369 2607 quod
396 2525 515 2607 primo,
547 2525 631 2589 idem
656 2525 836 2608 principem
862 2525 947 2609 quod
960 2525 1143 2607 priuatum,

176 2604 261 2668 idem
283 2608 507 2690 imperatorem
527 2609 613 2692 quod
628 2610 688 2673 sub
702 2610 917 2691 imperatore?
940 2609 1048 2672 nescio
1068 2609 1144 2690 iarn,

176 2691 285 2755 nescio
307 2691 491 2774 pulcriusne
513 2693 556 2756 sit
577 2693 657 2757 illud
679 2693 763 2777 quod
785 2697 959 2778 praeeunte
987 2693 1078 2756 nullo
1101 2713 1143 2756 an

138 2790 163 2831 ³0
176 2773 238 2839 hoc
282 2775 345 2840 uod
367 2776 430 2841 alio
452 2782 625 2860 praeeunte
647 2779 770 2844 iurasti.
1083 2797 1086 2803 ’
1186 2787 1190 2794 ’

224 2858 266 2952 ΙΙι
298 2859 338 2925 V.
378 2860 418 2925 In
439 2863 552 2926 rostris
574 2884 700 2947 quoque
723 2863 821 2928 simili
841 2861 998 2946 religione
1021 2861 1089 2945 ipse
1111 2863 1146 2924 te

176 3015 380 3026 ---...-—.......

243 3099 260 3145 2
278 3099 483 3162 speciosissima
501 3103 519 3149 o
540 3099 550 3166 ΙΙ
571 3105 587 3152 3
606 3100 699 3151 oculos
717 3117 763 3152 om.
782 3101 837 3149 BV
857 3098 867 3164 ΙΙ
889 3102 921 3149 12
940 3099 1023 3150 fuerit
1041 3114 1071 3166 g:
1090 3099 1147 3149 fuit

175 3164 203 3210 Ι
220 3161 230 3226 ΙΙ
248 3165 279 3214 13
298 3165 432 3217 facturum
450 3173 478 3218 te
496 3170 513 3216 0
535 3165 545 3232 ΙΙ
567 3171 599 3218 14
616 3169 780 3234 necdumque
800 3169 817 3216 (t
837 3165 847 3232 ΙΙ
870 3170 901 3218 16
919 3183 954 3216 an
972 3167 1028 3221 uid.
1047 3181 1077 3233 ςε
1095 3171 1148 3217 aut

177 3229 232 3280 uid.
250 3232 277 3278 Μ
298 3229 308 3296 ΙΙ
331 3235 362 3282 17
381 3239 407 3284 et
424 3236 548 3300 pontifex
565 3237 711 3286 Liuineiia:
728 3235 853 3300 pontifex
870 3237 898 3283 1
919 3232 928 3298 ΙΙ
949 3237 983 3284 20
1001 3235 1086 3285 etiam
1104 3249 1144 3284 se·

176 3297 244 3347 dens
263 3301 349 3348 stanti
365 3303 483 3365 praciuit
497 3304 639 3354 Gronouius
657 3304 709 3356 obs.
722 3304 792 3353 IIII
804 3307 850 3352 16:
868 3302 950 3352 etiam
969 3301 1066 3353 sedens
1085 3315 1146 3366 pre·

176 3365 237 3414 buit
249 3365 276 3411 H
293 3366 375 3416 etiam
395 3369 482 3419 stanti
498 3371 598 3434 praeiit
616 3373 656 3422 ed.
667 3373 846 3435 andunenrr‘s
859 3387 883 3420 a.
897 3371 966 3419 1531
979 3366 989 3434 ΙΙ
1002 3371 1035 3420 23
1054 3370 1148 3420 sciens

176 3433 323 3483 Liuineius:
341 3435 460 3486 scienter
476 3439 504 3485 Ι
524 3435 535 3502 ΙΙ
555 3440 589 3487 24
607 3444 656 3489 tua
672 3453 718 3489 om.
736 3439 769 3487 W
790 3435 800 3502 ΙΙ
821 3440 854 3489 26
872 3436 1045 3503 praedicatio
1062 3435 1148 3500 digno,

177 3495 262 3563 01129
279 3499 348 3551 illud
366 3503 443 3552 VW:
462 3502 537 3554 istud
554 3505 605 3552 Bc
