2586 3996
216 232 278 298 308
539 231 603 283 xrr.
628 229 761 282 sacam
778 230 860 284 rau.

216 383 376 448 dentiam:
414 381 544 466 ‘partita
571 403 642 446 sum
665 380 800 445 militem
828 384 861 445 et
881 380 1094 465 multiplicaui
1116 386 1185 447 arte

215 471 399 550 terrorem';
430 487 571 531 asserere
593 463 846 530 Fortitudinem:
876 466 936 530 ‘bis
960 466 1088 530 conflixi
1111 488 1184 532 cum

215 551 316 634 hoste,
340 551 389 614 bis
412 550 504 636 uici’3
527 571 637 614 omnes
658 552 821 634 postremo
842 550 995 615 clamare:
1018 551 1107 634 ‘quid
1123 551 1185 617 tibi

216 635 377 714 debemus,
401 635 554 718 Fortuna,
579 656 674 719 quam
688 633 857 700 fecimus?'
885 634 940 698 sed
961 635 988 698 si
1010 635 1066 699 illa
1081 635 1183 702 dieat:

189 726 289 806 s‘ego
304 721 566 804 properationem
587 718 726 783 militum
741 719 818 802 iuni,
842 739 901 803 ego
917 719 1027 804 fugam
1041 718 1185 786 hostium

215 805 415 889 praepediui‚
445 826 506 889 ego
528 803 705 868 Maximum
728 803 763 867 in
785 825 892 869 muros
915 805 1004 888 coegi
1035 808 1067 867 et
1088 826 1184 888 quem
1275 855 1276 868 ,

214 910 273 952 uos
300 889 465 973 cogebatis
491 889 573 954 mori
602 889 712 954 uiuum
734 888 864 952 domino
890 889 1082 954 reseruaui':
1118 911 1184 954 non

214 973 307 1037 uideo
330 973 414 1057 quod
433 974 536 1058 possit
558 994 627 1037 esse
648 973 802 1037 iudicium
821 973 911 1057 quin,
936 995 1007 1038 cum
1029 974 1092 1038 ista
1107 996 1183 1057 pars

214 1058 352 1140 imputet
371 1059 503 1141 tyranni
523 1058 653 1141 fugam,
679 1057 736 1122 illa
759 1057 951 1139 custodiam,
981 1079 1031 1122 res
1053 1057 1184 1142 publica

176 1163 202 1202 ιο
216 1162 297 1225 quaa
319 1142 445 1225 utrique
466 1141 587 1226 pariter
613 1141 751 1207 obnoxia
773 1144 822 1206 est
848 1143 896 1206 ita
916 1145 1084 1226 utramque
1108 1164 1184 1208 con-

215 1228 331 1374 iungat
350 1229 386 1290 ut
400 1227 542 1292 fateatur
563 1230 664 1291 semet
684 1226 739 1292 uni
755 1226 936 1308 uictoriam,
959 1227 1052 1290 alteri
1068 1227 1184 1292 debere

214 1310 271 1376 uin
292 1311 400 1375 ictam.

279 1394 363 1460 XLI.
414 1394 476 1460 Sed
498 1416 559 1460 nec
580 1398 616 1459 tu
639 1394 779 1460 debitam
805 1395 943 1479 gratiam
964 1394 1111 1459 beneficii
1135 1395 1184 1460 in·

215 1480 335 1544 fitiator
369 1479 504 1544 abiuras.
550 1501 628 1543 nam
660 1480 720 1544 etsi
747 1501 804 1564 per
831 1483 862 1544 te
896 1479 1071 1544 confeceris
1101 1501 1184 1564 quae

178 1585 203 1624 15
216 1563 361 1642 uolebas,
389 1586 447 1648 per
469 1563 633 1630 fortunam
654 1567 762 1628 tamen
783 1564 855 1648 plus
877 1563 1009 1647 adeptus
1032 1585 1065 1628 es
1087 1585 1184 1648 quam
1274 1581 1276 1618 ῖ

214 1647 353 1712 uolebas.
382 1670 400 1712 a
425 1648 531 1732 edum,
555 1649 582 1712 si
601 1649 737 1731 uidetur,
759 1649 947 1733 praeteritas
971 1649 1184 1733 cogitationes
1274 1669 1275 1694 ³

213 1736 286 1796 tuas
315 1669 443 1798 consuis
472 1736 505 1797 et
527 1737 602 1798 uota
626 1734 773 1798 conueni.
818 1755 896 1798 num
919 1732 1055 1816 amplius
1077 1754 1184 1817 spera·
1275 1789 1276 1806 p

214 1818 291 1881 uisti
307 1839 403 1900 quam
417 1821 454 1881 ut
468 1817 629 1882 Maximus
642 1818 703 1882 tibi
717 1819 918 1882 nuntiaretur
933 1819 1065 1902 occisus,
1086 1839 1184 1901 quam
1272 1809 1276 1972 1

214 1905 250 1965 ut
271 1902 461 1966 samiuiuum
483 1902 550 1968 eius
574 1906 671 1987 caput
691 1901 836 1968 nondum
858 1902 973 1967 clausis
989 1905 1058 1968 tota
1079 1906 1184 1967 morte

175 2005 201 2044 ao
214 1985 313 2050 oculis
342 2009 380 2051 ex
403 1987 472 2052 acie
496 1987 683 2070 referretur,
712 2009 807 2070 quam
831 1988 876 2052 ad
896 2009 1054 2051 summum
1076 1991 1113 2052 ut
1136 1987 1151 2051 f
1172 2023 1183 2036 ·
1274 2047 1275 2050 ,

240 2070 307 2135 'ens
334 2071 526 2136 resistensue
552 2071 740 2154 caperetur?
786 2075 925 2137 ceterum
947 2072 1075 2156 quando
1098 2071 1185 2156 quod

228 2157 336 2219 actum
365 2157 414 2218 est
442 2154 495 2219 uel
516 2155 637 2238 optasti
659 2157 695 2219 ut
722 2177 755 2220 se
778 2157 838 2220 tibi
863 2155 932 2240 ipse
959 2159 1116 2238 seruaret,
1147 2160 1185 2220 ut

214 2238 409 2302 consciscere
440 2239 569 2304 sibimet
596 2239 762 2304 interitum
790 2240 907 2325 nollet,
942 2240 1019 2305 licet
1046 2240 1182 2323 posset?

214 2343 332 2408 magno
360 2322 505 2407 quidem,
537 2323 657 2407 fateor,
690 2325 873 2408 pectoribus
904 2324 1055 2390 humanis
1086 2328 1184 2407 atque

175 2426 201 2466 as
214 2407 293 2472 adeo
320 2408 461 2473 maximo
488 2409 544 2472 lux
570 2409 686 2492 amori,
715 2410 863 2474 interitus
885 2409 1009 2474 horrori
1032 2412 1096 2492 est,
1127 2409 1184 2472 sed
1272 2437 1273 2440 ¹

213 2497 373 2574 quatenus
396 2496 453 2558 aut
473 2493 535 2557 ista
557 2493 661 2576 optari
680 2497 789 2576 potest
811 2498 867 2558 aut
887 2493 941 2559 ille
962 2493 1068 2558 uitari.
1098 2496 1133 2557 at
1156 2495 1185 2558 si

214 2575 328 2641 ultima
347 2597 445 2661 supra
466 2580 563 2661 caput
577 2578 702 2641 steterit
716 2578 796 2644 hora
818 2581 850 2642 et
864 2579 989 2643 uenerit
1002 2577 1070 2642 dics
1089 2599 1185 2641 num-

213 2682 311 2744 quam
338 2683 522 2728 reuersurus
551 2681 587 2726 ac
615 2683 649 2726 se
677 2663 824 2728 confessa
855 2685 941 2728 mors
968 2663 1081 2745 fuerit,
1113 2683 1186 2726 non

213 2747 368 2812 timentur
390 2750 545 2829 extrema,
570 2767 641 2810 cum
663 2750 750 2812 certa
772 2747 846 2812 sint.
883 2747 961 2812 hinc
981 2767 1109 2811 reorum
1131 2768 1187 2810 us·

175 2848 201 2889 so
215 2851 276 2913 que
298 2831 338 2896 ad
360 2831 599 2896 damnationem
621 2835 734 2914 metus,
756 2837 870 2916 postea
892 2831 1048 2897 attonitus
1071 2833 1187 2929 stupor

214 2919 247 2979 et
274 2937 313 2980 ex
341 2915 563 2999 desperatione
591 2917 744 2982 securitas
771 2920 804 2981 et
830 2917 870 2981 ad
896 2916 1003 2981 locum
1031 2915 1186 2998 supplrcii

215 3105 416 3114 ..ψη-..-

281 3223 297 3272 5
316 3237 368 3287 ego
385 3222 458 3285 priua
475 3229 535 3271 ante
551 3222 608 3272 iuui
626 3226 644 3271 0
660 3225 733 3287 ponit
756 3221 766 3287 11
790 3227 806 3275 6
825 3222 965 3288 propediui
981 3222 1002 3272 B
1020 3224 1038 3271 (1
1061 3217 1072 3285 ΙΙ
1102 3223 1119 3272 ‘t
1138 3238 1186 3273 re-

217 3290 324 3337 seruari
340 3289 364 3336 Δ
392 3285 402 3353 ΙΙ
432 3290 550 3339 8malr‘m
567 3303 628 3341 esse
647 3291 724 3340 aliud
741 3291 872 3341 iudicium
901 3287 911 3355 ΙΙ
941 3291 1080 3354 arsiae
1109 3287 1120 3354 ΙΙ
1153 3293 1188 3340 11
1268 3333 1269 3342 ,

217 3354 266 3402 uui
283 3358 406 3405 cameto
436 3353 446 3420 ΙΙ
477 3359 509 3406 14
531 3356 683 3408 obiuraaA
712 3357 722 3423 11
752 3361 785 3409 20
806 3358 894 3409 adv.-
920 3357 1010 3410 om]
1039 3355 1044 3422 Ι
1079 3359 1113 3406 22
1133 3359 1191 3407 tibi

218 3419 303 3470 illoc
325 3420 385 3485 ipse
402 3420 450 3473 ille
467 3424 600 3476 Liuineius
629 3423 638 3490 ΙΙ
668 3427 700 3476 23
722 3425 789 3475 licet
806 3427 915 3490 scripsi:
938 3429 966 3476 et
981 3428 1010 3473 Π
1038 3423 1043 3489 Ι
1078 3427 1113 3475 26
1136 3424 1189 3476 ille

214 3489 243 3604 ii
258 3489 330 3604 iattz'o
348 3489 430 3538 lineae
448 3493 543 3553 repetit
559 3493 583 3540 A
611 3490 621 3555 ΙΙ
655 3495 687 3544 29
710 3497 774 3543 sunt
795 3495 834 3554 11,
858 3509 926 3544 corr.
946 3493 1080 3543 Acidaliae
1110 3489 1120 3555 ΙΙ
1153 3497 1190 3544 30

214 3555 302 3604 atoni
317 3554 341 3605 is
358 3566 383 3601 ur
595 3565 599 3574 ·
