2582 3992
105 2895 121 2924 ᾖ

187 183 230 248 38
504 170 526 239 1'.
563 181 595 238 o.
615 182 732 235 eumn
750 181 831 237 1111.

190 333 330 420 pessimo
344 333 490 432 principe
505 332 559 417 qui
575 331 745 416 praeteriri
757 331 797 396 ab
809 332 931 417 optimo
943 354 1008 397 non
1024 336 1167 417 poterat.

190 421 227 483 tu
249 417 335 483 clara
357 418 536 483 iudici1·tui
558 419 654 501 signa
680 416 810 496 misisti,
842 437 915 487 oum
942 417 1164 502 proficiscenti

191 503 231 568 ad
259 504 433 568 exercitum
458 506 522 592 tuo·
543 503 675 566 nomine
681 550 691 584 ,
725 504 783 566 tuo
810 500 933 568 honore
961 501 1094 568 cessisti.
1126 507 1165 569 tu

190 609 268 653 uoce
295 587 497 672 imperatoris
547 585 601 651 uid
636 586 772 650 sentires
805 586 932 652 locutus
966 587 1069 652 filium
1103 587 1168 672 illi,

164 672 285 738 snobis
307 675 489 757 parentem,
517 674 543 736 ti
567 671 576 734 i
606 671 794 756 pontificem
817 671 996 736 'maximum
1024 673 1166 758 elegu'sti.

191 778 254 843 quo
276 757 396 822 maiore
418 756 534 822 fiducia
555 755 657 820 isdem
683 756 748 820 illis
775 757 860 821 uotis
894 777 975 841 quae
1006 757 1076 841 ipse
1103 779 1167 842 pro

191 864 225 907 se
253 842 433 926 nuncupari
460 841 550 906 iubet
582 861 638 906 oro
672 844 705 906 et
738 840 897 924 obtestor,
928 841 955 906 si
984 841 1066 906 bene
1093 863 1165 907 rem
1272 903 1273 906 ,

191 927 362 1076 pppgcppn,
378 948 426 1075 pp
442 947 481 991 ex
502 925 645 1075 utitlitate
667 926 932 1076 omniumtpegit,
963 927 1105 1075 primpnp
1122 931 1169 1077 (pt,

335 1031 377 1095 po
427 1032 465 1076 us
483 1032 543 1075 nos
559 1031 832 1095 risacpronepor
856 1031 892 1076 us
906 1030 1025 1094 serues,
1067 1032 1120 1076 ern
1144 1033 1165 1076 e

153 1119 179 1159 ιο
191 1100 228 1160 ut
248 1095 440 1180 quandoque
462 1115 677 1161 successorem
694 1096 723 1162 ei
743 1096 867 1160 tribuas
887 1116 981 1181 quem
1000 1095 1165 1182 genuerit,
1274 1099 1275 1102 ’

192 1201 287 1265 quem
307 1179 495 1246 formauerit
528 1180 728 1264 similemque
758 1180 869 1245 fecerit
897 1180 1049 1266 adoptato
1055 1232 1064 1265 ,
1094 1186 1166 1266 aut,

192 1266 219 1330 si
246 1263 310 1330 hoc
337 1266 407 1331 fato
433 1268 589 1352 negatur)
617 1266 652 1330 in
681 1265 813 1331 consilio
841 1265 884 1330 sis
914 1265 1048 1350 eligenti
1070 1287 1163 1330 mon·

193 1354 273 1414 stres
295 1372 335 1415 ue
359 1350 498 1435 aliquem
521 1372 616 1434 quem
636 1350 782 1435 adoptari
800 1351 835 1415 in
858 1349 1019 1434 Capitolio
1040 1350 1164 1416 deceat.

248 1372 346 1510 Χῖᾞ.
369 1433 481 1520 Uobis,
504 1437 611 1520 patres
635 1435 821 1533 conscripti,
851 1437 1007 1518 quantum
1028 1435 1165 1534 debeam

154 1539 179 1581 ¹⁵
192 1519 1166 1688 illinita?ttitsstlttttttltetntilli

192 1688 307 1754 officiis
329 1690 426 1754 etiam
453 1655 535 1775 quie
564 1711 602 1754 ex
630 1689 743 1754 studiis
770 1690 889 1755 nostris
919 1653 1004 1755 circa
1025 1691 1167 1756 tuendos

192 1775 295 1840 socios
317 1773 529 1840 iniunxeratis
556 1795 629 1840 cum
655 1775 731 1858 pidet
757 1778 827 1839 tum
854 1773 1056 1840 constantiae
1079 1776 1163 1856 anti

192 1859 379 1942 quissimum
412 1859 634 1925 testimonium
665 1857 884 1944 perhibuistis.
925 1881 983 1924 uos
1015 1860 1163 1946 proxime

154 1965 180 2004 so
193 1943 443 2010 destinationem
477 1944 663 2010 consulatus
695 1944 759 2008 mei
792 1943 843 2008 his
877 1943 1167 2010 acclamationibus

193 2029 431 2112 approbauistis
459 2032 496 2092 ut
522 2028 709 2114 intellegam
738 2029 835 2094 etiam
857 2031 954 2113 atque
977 2029 1073 2095 etiem
1096 2030 1165 2094 eni-

192 2111 326 2176 tendum
346 2113 426 2176 mihi
441 2115 478 2176 ut
491 2112 578 2177 hunc
599 2133 788 2178 consensum
801 2117 952 2188 ,uestrum
969 2114 1165 2212 complectar

193 2198 227 2260 et
247 2198 375 2260 teneam
397 2199 430 2261 et
451 2196 486 2262 in
508 2196 574 2263 dies
597 2218 743 2282 augeam.
780 2199 898 2264 etenim
926 2199 1057 2264 memini
1084 2201 1164 2264 tunc

193 2279 360 2345 uerissime
392 2281 542 2367 iudicari,
578 2283 731 2348 meruerit
763 2283 834 2368 quis
864 2283 1019 2348 honorem
1048 2304 1165 2367 necne,

154 2385 180 2426 ss
194 2385 266 2430 cum
292 2365 426 2451 adeptus
454 2370 511 2432 est.
548 2388 606 2432 uos
634 2367 730 2431 modo
757 2367 865 2433 fauete
892 2367 967 2433 huic
995 2368 1166 2452 proposito

195 2453 228 2515 et
250 2450 385 2532 credite,
415 2451 443 2515 si
472 2472 566 2517 cursu
594 2452 730 2536 quodam
751 2455 923 2536 prouectus
944 2453 984 2518 ab
1000 2453 1063 2518 ,illo
1087 2452 1165 2517 insi·

194 2534 375 2600 diosissimo
396 2536 543 2620 principe
559 2540 733 2620 antequam
752 2536 954 2621 profiteretur
976 2537 1085 2602 odium
1107 2537 1166 2602 bo·

194 2640 324 2704 norum,
358 2623 527 2705 postquam
552 2622 714 2705 professus
741 2625 806 2704 est,
840 2622 985 2706 substiti3
1017 2624 1056 2707 si,
1089 2643 1165 2687 cum

193 2703 334 2769 uiderem
358 2725 437 2788 quae
459 2705 500 2770 ad
527 2706 667 2773 honores
695 2705 884 2790 compendia
910 2708 1069 2790 paterent,
1093 2705 1165 2771 lon·

156 2801 182 2841 ³⁰
195 2789 269 2874 gius
290 2790 352 2854 iter
373 2789 488 2874 malui3
517 2792 544 2855 si
571 2788 664 2856 malis
692 2789 888 2875 temporibus
916 2793 1001 2856 inter
1022 2795 1166 2856 maestos

264 3049 276 3095 1
296 3047 443 3111 praeteriri
461 3061 490 3112 ςτ
509 3048 625 3112 perterri
644 3049 661 3096 (t
679 3047 712 3095 W
728 3049 876 3113 perterreri
893 3048 914 3098 B
932 3049 954 3096 V
973 3046 978 3110 1
1004 3052 1115 3113 poterat
1133 3062 1165 3114 ςτ

194 3113 295 3177 poterit
317 3115 345 3162 ii
366 3115 459 3179 potuit
480 3116 539 3168 edd.
571 3112 582 3180 1
617 3116 649 3164 10
670 3119 702 3165 ut
723 3130 770 3166 om.
794 3116 815 3164 ll
838 3117 861 3164 V
888 3113 899 3180 11
927 3117 958 3165 12
983 3116 1020 3166 sis
1045 3115 1162 3182 eligenti

194 3181 273 3232 edd„-
292 3181 317 3229 si
333 3181 437 3248 legenti
448 3183 476 3229 Π
487 3182 542 3232 sibi
559 3181 662 3248 legenti
680 3195 705 3230 w
728 3179 739 3248 11
768 3185 798 3234 17
818 3198 890 3248 quae
909 3199 943 3234 ex
958 3185 1069 3248 scripsi:
1091 3198 1162 3300 zoae

196 3252 225 3297 et
241 3262 256 3296 c
271 3247 298 3294 Η
317 3247 319 3308 1
340 3247 441 3299 officiis
459 3253 486 3299 et
504 3249 605 3300 studiis
624 3251 780 3316 nostrisque
799 3252 876 3302 circa
888 3264 913 3299 w
931 3247 944 3317 11
966 3253 997 3302 18
1016 3265 1078 3300 cnm
1117 3247 1163 3302 dei

196 3321 253 3364 tum
270 3315 385 3367 Keilius:
410 3331 470 3367 cum
495 3321 552 3367 tum
576 3317 599 3366 V
619 3317 652 3368 W
673 3333 699 3368 111
722 3334 783 3369 cum
807 3326 837 3369 tn
858 3319 879 3369 B
901 3324 958 3370 tum
982 3333 1041 3368 cum
1064 3332 1083 3366 u
1100 3333 1162 3368 enm

194 3386 321 3434 tamenr
344 3380 354 3448 1
379 3385 582 3436 asturcone
605 3382 615 3450 1
639 3387 802 3451 ecquonam
822 3401 850 3452 ςε
871 3385 1009 3501 Ἓοηᾱιω
1026 3385 1053 3432 1
1080 3385 1084 3450 1
1111 3381 1160 3452 ab]

157 3471 158 3474 ¹
195 3451 250 3568 subl
266 3452 392 3567 Giepipius
415 3449 425 3516 1
449 3453 482 3504 28
501 3453 525 3502 si
542 3453 604 3504 adu.
622 3451 800 3505 Heumannue:
818 3470 865 3506 om.
928 3452 939 3520 1
964 3457 996 3506 30
1014 3453 1101 3504 malui
1117 3452 1164 3503 W:

195 3519 293 3569 mauit
348 3520 406 3568 CV
808 3561 813 3570 .
