2572 3990
184 203 226 266 26
325 275 332 286 .
510 204 532 253 Ι.
569 201 599 252 O.
618 201 733 254 PLINlI
751 203 830 254 PAN.

184 353 268 436 quod
290 355 377 416 terra
399 352 519 436 genuit,
543 350 628 434 quod
650 351 736 414 sidus
759 351 848 431 aluit,
873 349 956 435 quod
979 373 1084 416 annus
1102 355 1153 416 ω-

161 480 163 485 ,
184 439 237 519 lit,
269 458 329 500 nec
351 437 444 501 nouis
465 435 693 498 indictionibus
715 437 816 519 pressi
839 436 880 498 ad
901 439 1011 500 uetera
1032 437 1153 501 tributa

185 523 346 586 deficiunt.
385 521 463 585 emit
483 520 578 583 fiscus
601 518 753 602 quidquid
775 520 901 583 uidetur
923 542 1037 584 emere.
1077 521 1151 585 inde

186 607 306 691 copiae,
321 606 395 669 inde
408 625 537 668 annona
549 604 587 666 de
598 625 661 686 qua
680 605 766 668 inter
776 605 927 668 licentem
944 605 1152 670 uendentem·

158 709 245 775 sque
269 691 448 770 conueniat,
470 688 551 751 'inde
572 687 626 751 hic
649 689 780 752 satietas
802 710 863 752 nec
885 689 985 752 fames
1007 710 1151 773 usquam.

248 774 352 839 XXX.
396 773 564 856 Aegyptus
591 772 713 836 alendis
737 773 953 857 augendisque
976 775 1151 838 seminibus

184 862 231 922 ita
246 860 385 942 gloriata
400 861 449 920 est
463 862 500 920 ut
513 854 596 920 nihil
610 856 765 922 imbribus
782 858 934 941 caeloque
949 858 1095 941 deberet3
1111 859 1152 922 si·

106 1009 108 1012 ,
185 943 311 1027 quidem
326 942 455 1025 proprio
479 962 603 1024 semper
625 963 718 1005 amne
734 942 863 1026 perfusa
881 964 942 1006 nec
957 942 1019 1006 alio
1033 964 1151 1026 genere

185 1049 339 1111 aquarum
361 1027 456 1091 solita
477 1027 686 1110 pinguescere
712 1048 806 1108 quam
828 1049 905 1110 quas
928 1027 997 1109 ipsa
1018 1027 1151 1091 deuexe-

142 1117 236 1175 rorat
260 1111 361 1174 tantis
389 1111 552 1194 segetibus
574 1108 767 1175 induebatur
794 1115 830 1176 ut
853 1133 924 1174 cum
946 1110 1151 1175 feracissimis

183 1197 279 1260 terris
313 1195 404 1278 quasi
430 1216 604 1276 numquam
639 1216 766 1259 cessura
803 1197 947 1259 certaret.
996 1197 1076 1260 haec
1104 1199 1151 1260 in-

184 1281 280 1364 opina
301 1281 444 1343 siccitate
467 1300 565 1362 usque
588 1279 623 1342 in
643 1279 792 1343 iniuriam
815 1280 994 1344 sterilitatis
1018 1281 1149 1364 exaruit,
1276 1335 1277 1344 ,

172 1365 260 1447 'quia
281 1364 374 1448 piger
395 1363 489 1428 Nilus
518 1366 706 1427 cunctanter
728 1364 819 1428 alueo
843 1385 911 1428 sese
936 1385 975 1428 ac
998 1365 1051 1428 lan
1078 1365 1164 1429 uide,
1269 1424 1272 1433 .

186 1449 352 1529 extulerat,
375 1447 563 1532 ingentibus
585 1448 639 1512 ille
660 1448 788 1531 quidem
810 1451 886 1512 tunc
909 1470 1033 1532 quoque
1048 1387 1150 1513 dumi-

146 1533 293 1614 renibus,
331 1532 515 1596 fluminibus
550 1537 660 1596 tamen
697 1533 916 1596 conferendus
966 1532 1043 1598 hinc
1075 1555 1150 1616 pars

142 1648 146 1655 ·
183 1639 304 1702 magna
331 1621 490 1682 terrarum
517 1618 620 1701 mergi
646 1617 850 1700 repararique
879 1639 974 1681 amne
997 1622 1150 1682 consueta

184 1702 249 1766 alto
264 1702 394 1786 puluere
409 1700 584 1764 incanduit.
618 1702 737 1765 frustra
757 1705 835 1766 tunc
851 1704 1019 1784 Aegyptus
1039 1702 1151 1766 nubila

184 1788 309 1869 optauit
324 1787 508 1868 caelumque
527 1787 677 1868 respexit,
701 1807 772 1850 cum
787 1790 856 1869 ipse
871 1786 1080 1850 fecunditatis
1095 1809 1150 1870 pa-

183 1893 257 1935 rens
283 1872 478 1935 contractior
500 1873 532 1933 et
547 1871 662 1935 exilior
682 1871 783 1934 isdem
805 1870 984 1934 ubertatem
1008 1871 1074 1934 eius
1094 1893 1149 1935 an-

144 1977 170 2016 eo
184 1956 298 2040 gustiis
321 1956 435 2039 quibus
453 1954 683 2018 abundantiam
706 1977 796 2018 suam
812 1955 1016 2018 cohibuisset.
1046 1977 1149 2039 neque

183 2041 269 2103 enim
291 2039 393 2102 solum
414 2059 517 2122 uagus
539 2039 604 2120 ille,
628 2060 697 2104 cum
713 2039 922 2123 expandatur,
946 2039 1049 2103 amnis
1064 2040 1150 2103 intra

183 2127 335 2206 usurpata
363 2143 489 2205 semper
510 2122 643 2186 uallium
666 2123 853 2187 substiterat
875 2127 970 2206 atque
992 2125 1149 2206 haeserat,

183 2207 239 2270 sed
267 2207 382 2290 supino
411 2206 508 2270 etiam
535 2228 572 2271 ac
601 2229 666 2271 ηοη
689 2207 845 2271 detinenti
874 2207 940 2271 solo
962 2207 1089 2291 placido
1115 2229 1149 2271 se

184 2291 332 2374 mollique
374 2292 467 2375 lapsu
503 2290 634 2376 refugus
677 2292 855 2356 abstulerat
894 2293 1030 2356 necdum
1071 2293 1149 2356 satis

144 2397 171 2438 aa
184 2380 330 2440 umentes
358 2379 460 2458 terras
488 2376 652 2440 addiderat
674 2377 847 2440 arentibus.
893 2377 993 2460 igitur
1014 2375 1148 2440 inunda-

85 2537 87 2541 ,
166 2461 271 2525 tione
308 2461 446 2542 indeque
479 2461 625 2524 ubertate
666 2461 755 2544 regio
793 2461 942 2525 fraudata
978 2461 1023 2526 sic
1056 2482 1149 2542 opem

184 2545 330 2609 Caesaris
351 2545 517 2608 inuocauit
543 2549 580 2608 ut
601 2545 682 2608 solet
704 2567 830 2609 amnem
852 2567 958 2608 suum:
996 2567 1056 2610 ηοο
1078 2545 1148 2608 1οη-

183 2628 257 2712 gius
275 2628 323 2692 illi
344 2628 548 2693 aduersorum
564 2629 627 2692 fuit
646 2630 785 2712 spatium
801 2651 895 2713 quam
916 2629 991 2693 dum
1008 2629 1146 2693 nuntiat.

182 2717 248 2777 tam
270 2713 375 2794 uelox,
399 2712 525 2795 Caesar,
549 2715 695 2796 potentia
710 2717 766 2777 tua
784 2718 834 2778 est
847 2718 977 2796 tamque
991 2714 1026 2776 in
1041 2714 1149 2778 omnia

182 2854 385 2862 ffl—

250 2924 265 2970 3
285 2937 388 2974 emere:
406 2919 526 2968 molinaei
540 2935 554 2968 e
567 2934 595 2967 re
608 2917 617 2984 ΙΙ
631 2921 646 2970 9
664 2921 726 2984 ipsa
739 2921 858 2984 Lipsius:
876 2921 934 2983 ipsc
945 2919 972 2966 11
985 2916 995 2984 ΙΙ
1009 2921 1038 2980 11
1055 2918 1149 2982 inopia

181 2987 273 3036 svm
284 2984 295 3052 ll
310 2990 340 3037 14
355 2987 401 3036 111ο
415 2986 519 3051 quidem
537 2991 603 3037 ωηο
617 3002 724 3051 quoque
736 2987 852 3036 Kailios:
872 2987 980 3051 quidem
998 2992 1064 3035 ωηο
1083 3001 1149 3051 quo-

168 3069 234 3118 ,que
251 3055 297 3103 ille
314 3056 369 3103 BV
387 3055 496 3118 quidem
515 3069 621 3118 quoque
639 3059 705 3104 ωηο
722 3053 769 3102 ille
783 3055 803 3102 (1
816 3068 923 3118 quoqne
941 3059 972 3102 tu
989 3069 1023 3102 ne
1042 3053 1149 3117 quidem

181 3120 246 3170 nille
265 3120 330 3184 (nile
348 3119 374 3185 ς)
393 3135 417 3169 w
435 3121 490 3186 1116
508 3122 593 3183 mergi
610 3121 789 3185 repararique
808 3135 838 3185 ςε
860 3135 982 3184 mergere
1000 3120 1147 3186 pararique

182 3188 305 3252 (parique
316 3189 374 3248 mu)
385 3190 411 3236 11
424 3190 508 3250 mergi
519 3187 627 3253 palanti
637 3203 653 3252 ς
665 3186 675 3253 ΙΙ
690 3190 720 3236 19
730 3187 880 3238 ubertatem
893 3190 952 3238 eius
965 3204 1029 3252 ang.
1039 3190 1148 3252 scripsi:

181 3256 314 3304 ubertatis
328 3256 387 3304 eius
400 3271 461 3320 ang.
473 3257 501 3302 11
518 3255 654 3306 ubertatis
669 3255 727 3304 eius
740 3256 805 3304 anni
817 3269 880 3318 aug.
894 3257 1075 3320 gubertatem
1089 3257 1148 3306 eius

182 3323 382 3384 anniang.edrl.
396 3321 406 3387 ΙΙ
419 3325 449 3372 21
459 3339 519 3373 cum
529 3323 634 3371 addc:
648 3324 728 3382 cml
743 3321 747 3386 Ι
762 3323 958 3387 expanditurw
970 3321 980 3387 ΙΙ
993 3326 1025 3372 22
1032 3323 1149 3372 uallium

180 3390 297 3452 scripsir·
316 3388 424 3439 collium
442 3391 468 3436 111
490 3389 501 3454 ΙΙ
522 3393 555 3439 23
578 3403 634 3438 ηοη
651 3389 784 3438 detinenti
802 3391 861 3440 solo
879 3394 986 3454 scripsi:
1012 3390 1149 3440 detinenti

182 3455 240 3506 solo
259 3471 314 3506 ηοη
330 3456 357 3503 11
378 3454 388 3521 ΙΙ
410 3459 443 3506 24
460 3458 586 3519 refugum
605 3459 639 3519 11,
658 3455 790 3521 correxit}
807 3459 839 3506 26
858 3458 973 3521 indeque
991 3459 1100 3522 scripsi.-
1120 3457 1149 3506 id

182 3529 225 3574 est
241 3523 268 3570 11
286 3524 355 3572 idem
373 3537 398 3570 w
413 3521 417 3587 1
432 3525 554 3590 regionis
572 3525 602 3572 B.
