2572 3990
404 221 562 272 TRAIANO
577 211 616 272 D.
639 224 748 273 53-55.
1016 221 1057 284 49

94 371 206 434 senatu
234 369 389 453 agebatur
419 371 542 434 01000
563 369 711 434 laudibus
739 371 920 455 principum
948 372 1058 435 immo·
1148 367 1149 370 '

95 459 242 518 rarentur
257 453 505 537 quibuscumque
528 455 679 518 censendi
693 455 866 519 necessitas
882 456 1057 520 accidisset.

95 540 133 602 de
155 538 339 620 ampliando
361 559 493 602 numero
515 538 728 623 gladiatorum
751 542 808 603 aut
829 539 867 602 de
889 540 1059 604 instituen-

95 623 135 687 do
159 623 294 708 collegio
316 622 480 686 fabrorum
501 623 744 687 consulebamur
766 626 798 687 et
812 624 904 707 quasi
925 624 1060 708 prolatis

12 775 13 778 ,
95 707 222 791 imperii
250 707 367 770 finibus
395 729 481 772 nune
508 708 657 792 ingentes
691 729 782 772 arcus
816 727 1087 793 excessurosques

96 791 291 876 templorum
313 791 480 876 fastigium
500 791 624 875 titulos,
647 815 734 856 nunc
749 813 874 858 menses
894 793 991 856 etiam
1003 813 1063 856 nec

97 877 155 941 hos
178 875 322 960 singulos
344 876 468 939 nomini
479 875 652 941 Caesarum
668 877 863 945 dicebamus.
899 878 1064 961 patieban-

96 965 149 1024 tur
175 960 225 1023 illi
248 963 290 1042 et,
319 959 411 1043 quasi
439 960 638 1044 meruissent,
666 962 890 1044 laetabantur„
918 964 952 1025 at
977 983 1065 1026 nunc

97 1046 168 1129 quis
191 1047 347 1128 nostrum,
369 1047 533 1128 tamquam
548 1045 666 1110 oblitus
689 1046 756 1110 0100
778 1046 895 1131 dequo
917 1046 1064 1129 refertur,

98 1127 253 1194 censendi
281 1128 422 1192 officium
444 1129 599 1213 principis
614 1130 747 1194 'honore
775 1131 957 1194 consumit?
992 1135 1065 1195 1000
1079 1149 1104 1189 ro

99 1211 328 1278 moderationis
361 1213 431 1278 laus
462 1214 541 1278 haee
571 1216 749 1279 constantia
776 1218 886 1279 nostra
913 1218 975 1278 est:
1007 1215 1068 1279 tibi

99 1296 305 1381 obsequimur
326 1297 411 1380 quod
438 1298 474 1362 in
502 1297 623 1362 curiam
648 1321 714 1364 non
742 1299 781 1362 ad
811 1303 972 1364 certamen
994 1299 1068 1362 adu-

99 1383 267 1465 lationum,
283 1381 338 1445 sed
350 1382 390 1445 ad
400 1404 494 1446 usum
508 1404 686 1467 munusque
699 1383 839 1448 iustitiae
852 1385 1069 1467 conuenimus,

102 1467 187 1531 hano
216 1465 416 1549 simplicitati
444 1470 518 1531 tuae
545 1468 739 1552 ueritatique
771 1469 911 1552 gratiam
937 1468 1070 1532 relaturi

104 1553 193 1616 otte
215 1571 296 1633 0000
325 1551 375 1614 010
402 1551 496 1633 00110,
520 1571 601 1636 0000
623 1573 690 1616 000
712 1554 762 1616 010
783 1552 870 1616 00110
892 1553 1067 1617 credamus.
1083 1572 1108 1611 15

104 1634 280 1718 incipimus
299 1634 384 1718 inde,
408 1635 583 1699 desinimus
605 1637 661 1719 ibi,
686 1657 704 1699 0
726 1657 788 1724 000
810 1636 921 1719 incipi,
951 1637 985 1700 in
1008 1657 1070 1719 quo

103 1721 208 1785 desini
231 1719 290 1783 sub
313 1719 376 1782 alio
397 1720 544 1804 principe
566 1740 632 1784 000
655 1723 773 1804 posset.
807 1742 882 1783 nam
903 1720 1072 1803 plerosque

104 1827 143 1869 ex
166 1804 302 1868 decretis
323 1803 500 1869 honoribus
524 1808 556 1868 01
578 1804 632 1868 alii
654 1826 721 1869 non
743 1807 948 1888 receperunt3
978 1825 1072 1867 nemo

104 1892 180 1954 ante
208 1893 237 1954 tc
264 1891 373 1952 tantus
402 1888 464 1952 fuit
492 1892 528 1952 01
557 1889 737 1954 crederetur
765 1889 906 1953 00101000
934 1888 1072 1952 decerni.

104 1974 190 2059 quod
226 1992 286 2056 ego
315 1972 419 2036 titulis
454 1974 602 2037 omnibus
632 1973 805 2058 speciosius
833 1994 912 2056 reor,
947 1973 1112 2056 quando'ro

105 2079 171 2122 non
185 2057 331 2120 trabibus
354 2060 409 2120 aut
430 2058 516 2122 saxis
537 2064 655 2122 nomen
669 2061 758 2124 tuum
782 2058 837 2123 sed
859 2057 1075 2123 monumentis

106 2145 256 2208 aeternae
279 2141 381 2205 laudis
403 2142 565 2206 inciditur.

169 2225 239 2291 LV.
270 2224 336 2288 Ibit
356 2226 392 2292 in
414 2226 540 2290 saecula
560 2227 659 2291 fuisse
678 2227 858 2311 principem
882 2227 932 2290 001
949 2226 1077 2290 florenti

107 2315 141 2376 et
162 2310 317 2374 incolumi
343 2332 517 2394 numquam
544 2312 609 2374 nisi
631 2312 748 2375 modici
769 2311 922 2393 honores,
953 2311 1077 2393 saepius

108 2395 190 2460 nulli
206 2395 460 2459 decernerentur.
492 2397 524 2458 et
541 2417 626 2478 sane,
650 2397 677 2460 si
693 2395 828 2460 uelimus
850 2416 921 2459 cum
936 2395 1078 2477 priorum
1092 2413 1117 2453 ss

109 2483 291 2563 temporum
312 2479 502 2543 necessitate
524 2483 658 2562 certare,
682 2480 859 2544 uinoemur:
881 2479 1080 2564 ingeniosior

109 2567 159 2628 001
180 2563 268 2641 enirn
291 2561 333 2626 ad
355 2564 602 2649 excogitandum
624 2565 786 2629 simulatio
809 2565 954 2646 ueritate,
984 2564 1081 2628 serui-

109 2652 162 2713 tus
185 2647 347 2726 libertate,
370 2652 473 2712 metus
496 2670 612 2714 amore.
651 2649 755 2733 simul,
778 2671 850 2714 cum
871 2649 936 2713 iam
957 2649 1082 2731 pridem

111 2733 238 2802 nouitas
266 2732 369 2796 omnis
397 2733 579 2798 adulatione
606 2737 795 2818 consumpta
823 2734 875 2812 sit,
905 2754 970 2796 non
999 2733 1082 2796 alius

113 2837 189 2902 erga
210 2821 243 2880 te
265 2837 368 2880 00000
391 2817 494 2881 honor
516 2821 661 2900 superest
683 2840 777 2900 quam
800 2819 827 2880 si
849 2815 1020 2899 aliquando
1042 2815 1081 2878 de
1095 2831 1121 2874 30

113 2905 145 2965 10
172 2903 280 2965 tacere
308 2901 489 2965 audeamus.
527 2922 597 2985 age,
627 2902 653 2964 si
682 2901 809 2983 quando
842 2901 945 2983 pietas
972 2901 1084 2963 nostra

116 2985 278 3050 silentium
314 2985 402 3068 rupit
439 2990 471 3048 et
506 2983 731 3049 uerecundiam
767 2988 854 3048 tuam
886 2983 974 3067 uicit,
1003 3005 1084 3068 quae
1132 2995 1133 2998 ’

115 3069 283 3152 qualiaque
311 3072 367 3132 aut
394 3070 592 3134 decernimus
619 3090 679 3133 nos
707 3071 763 3132 aut
785 3072 826 3150 tu
854 3088 920 3132 non
940 3069 1084 3133 recusas!

184 3270 281 3339 6000]
302 3287 357 3324 000
374 3273 480 3340 31117
499 3274 659 3326 dicabamus
678 3289 707 3340 ςε
727 3275 885 3326 dicebamus
903 3277 931 3322 Π
948 3271 958 3337 ΙΙ
977 3275 1007 3322 11
1026 3273 1090 3324 1000

120 3339 189 3390 haec
208 3341 352 3392 desuetus:
374 3341 445 3392 haee
462 3341 523 3393 laus
541 3344 568 3391 lli
594 3343 599 3404 Ι
626 3344 766 3393 00110001.-
789 3347 817 3392 01
833 3343 860 3390 lli
889 3337 900 3406 ΙΙ
931 3342 1089 3391 19001010

120 3407 238 3472 Lipsius.-
257 3407 430 3476 0010111126
449 3425 509 3462 nee.
529 3412 702 3462 uinceremnr
721 3414 838 3460 certare.
854 3412 902 3474 ing
914 3412 932 3458 0
944 3405 954 3473 ll
967 3411 999 3458 27
1017 3409 1089 3458 enim

121 3489 166 3524 om.
184 3474 279 3540 (11129
297 3480 379 3527 malim
399 3477 555 3528 adulationi
572 3476 581 3543 ΙΙ
599 3481 632 3529 33
651 3477 800 3543 qualiaque
820 3479 868 3528 aut
887 3478 946 3531 dee.
957 3479 1003 3524 W:
1023 3491 1090 3539 qua·
1143 3481 1145 3485 ⁴

125 3541 218 3607 liaqne
237 3543 296 3594 dec.
314 3547 332 3592 0
351 3545 446 3609 qualia
465 3546 536 3609 quod
555 3551 602 3596 001
621 3545 680 3599 dec.
698 3547 719 3593 B
737 3548 760 3595 V

171 3633 259 3674 Pausa.
273 3643 330 3676 nur.
872 3631 889 3678 4
