2578 4000
200 173 261 237 168
514 173 575 222 vn.
602 169 754 222 INCERTn
770 169 849 222 rhu.

199 322 339 388 Romani
360 321 487 406 imperii
500 320 650 386 fiduciam
673 340 755 405 quae
778 318 936 403 deceptis
956 319 1100 384 hostium
1116 321 1175 384 dn-

201 408 290 474 cibus
312 406 490 471 uindictam
512 409 615 472 morte
638 405 791 469 sumebat.
837 407 917 468 tuno
940 404 1025 469 enim
1048 405 1175 489 captiui

200 513 292 578 reges
321 513 393 556 cum
416 514 434 556 a
455 491 557 575 portis
583 510 684 574 usque
711 489 750 554 ad
773 489 877 552 forum
898 489 1177 574 triumphantium

201 597 311 642 currus
337 575 579 658 honestassent,
608 574 800 660 simulatque
821 574 856 638 in
878 573 1075 658 Capitolium
1102 595 1175 639 cur-

173 681 270 727 srum
286 661 415 726 flectere
438 663 585 745 coeperat
599 660 784 744 imperator,
808 659 932 742 abrepti
954 659 989 723 in
1008 680 1175 724 carcerem

201 747 409 813 necabantur.
454 767 537 810 unus
558 744 671 810 Perses
696 745 768 830 ipso
789 743 890 808 Paulo
917 745 972 828 qui
1000 745 1175 810 dedentem

202 854 235 896 se
258 834 424 916 acceperat
444 830 636 915 deprecante
658 829 764 978 lepem
786 829 872 893 illius
895 829 1076 893 seueritatis
1100 849 1176 894 eua-

202 917 252 980 sit.
291 916 387 980 ceteri
410 937 521 980 omnes
543 917 578 979 in
599 915 696 979 uincu
709 915 736 978 is
759 913 830 978 lnce
851 913 969 998 priuati
992 913 1065 980 aliis
1087 915 1179 1000 regi-

201 1001 261 1064 bus
279 1001 393 1064 dedere
410 999 637 1064 documentum
659 1003 695 1063 ut
717 998 852 1063 mallent
866 999 1042 1064 amicitiam
1065 999 1177 1063 colere

163 1105 189 1144 10
201 1084 383 1149 Murenam
406 1105 500 1168 quam
527 1105 713 1167 exasperare
735 1083 931 1148 tristitiam‘
953 1083 1032 1147 adeo
1046 1087 1089 1148 et
1109 1083 1177 1149 hoc

202 1169 279 1234 boni
308 1169 433 1234 confert
454 1189 557 1253 poena
584 1167 729 1233 hostibus
753 1170 895 1316 irrogata
921 1172 1045 1232 utnon
1068 1167 1177 1232 solum

202 1254 325 1319 inimici
346 1255 482 1318 ferocire
510 1275 575 1318 non
603 1254 758 1337 audeant,
789 1274 822 1318 se
865 1253 963 1317 etiam
993 1253 1089 1317 amici
1115 1253 1178 1318 im-

201 1339 333 1424 pensius
355 1341 572 1404 reuereantur.

266 1423 324 1488 Xl.
371 1423 455 1488 -lnde
482 1424 584 1508 igitur
611 1425 674 1506 est,
705 1423 894 1570 imperator,
925 1441 990 1506 pax
1016 1423 1082 1486 ista
1110 1443 1178 1506 qua

164 1526 190 1568 15
202 1508 349 1573 fruimur.
398 1529 502 1592 neque
536 1507 621 1572 enim
655 1508 718 1571 iam
777 1505 852 1572 heni
885 1527 945 1592 gur
971 1505 1082 1586 tibus,
1118 1509 1178 1572 sed

203 1593 343 1658 nominis
370 1593 418 1657 tui
446 1597 569 1658 terrore
601 1591 772 1656 munimur.
824 1591 943 1674 quamli
967 1593 1000 1656 et
1028 1591 1083 1655 ille
1117 1596 1178 1656 aut

204 1681 328 1751 arescat
350 1681 440 1743 aestu
462 1681 517 1742 aut
538 1677 668 1742 resistat
685 1677 770 1762 gelu,
793 1679 907 1740 neutro
924 1676 1025 1740 hostis
1043 1676 1178 1740 audebit

203 1763 251 1828 uti
274 1763 365 1828 uado
410 1763 494 1827 nihil
516 1762 601 1827 enim
623 1765 692 1824 tam
713 1761 922 1844 insuperabili
946 1759 1034 1824 uallo
1056 1764 1178 1824 natura

203 1847 382 1934 praecludit
412 1846 496 1932 quod
529 1869 595 1912 non
622 1849 770 1932 penetret
802 1844 946 1929 audacia,
981 1846 1032 1908 oui
1065 1845 1178 1929 aliqua

166 1933 342 1998 coenandi
375 1953 447 2016 spes
482 1931 691 2030 relinquatur.
741 1930 797 2028 ille
821 1933 879 2028 'est
910 1929 1177 2028 inexpugnabilis

203 2039 321 2165 tiri
341 2017 689 2184 trittt‘ttlth?
705 2017 854 2185 11111·
880 2017 1122 2164 51ῗὲἓὶῗὲ
1139 2035 1179 2164 li

204 2185 318 2249 benten
340 2184 509 2267 admittas,
538 2184 593 2248 sed
614 2205 676 2250 nee
698 2185 864 2249 uictoriam
886 2187 1022 2268 possunt
1044 2205 1179 2269 sperare

205 2290 265 2333 nec
287 2269 425 2334 ueniam.
469 2268 545 2354 quid
566 2269 655 2353 ipsos
677 2273 823 2352 maneat,
848 2290 886 2332 ex
908 2289 1018 2355 regum
1043 2289 1178 2334 suorum

166 2368 191 2410 2⁵
207 2353 399 2419 cruciatibus
414 2355 591 2418 metiuntur
611 2353 745 2438 ideoque
760 2357 888 2418 tantum
904 2353 995 2418 abest
1016 2357 1053 2419 ut
1068 2355 1181 2418 amnis

206 2438 291 2503 illius
319 2440 491 2504 transitum
518 2439 707 2522 moliantur,
740 2439 845 2524 magis
871 2441 908 2502 ut
936 2459 991 2504 coe
1014 2441 1048 2502 to
1074 2442 1181 2522 ponte

206 2521 385 2608 desperent.
429 2524 485 2589 ubi
513 2545 601 2588 nunc
629 2525 679 2588 est
704 2522 761 2586 illa
784 2523 928 2588 ferocia?
972 2461 1027 2587 ubi
1049 2543 1181 2608 semper

205 2608 304 2672 infida
336 2607 522 2673 mobilitas?
566 2610 630 2672 iam
659 2628 700 2671 ne
727 2609 841 2691 procul
868 2607 997 2692 quidem
1024 2607 1179 2672 Rhenum

207 2691 330 2758 audetis
358 2693 499 2758 accolere
527 2697 559 2758 et
581 2693 635 2757 uix
659 2693 763 2757 securi
784 2692 918 2756 fiumina
943 2692 1099 2757 interiora
1121 2713 1179 2776 po·

169 2793 194 2834 ³0
207 2777 293 2842 tatis.
339 2783 453 2843 contra
484 2777 562 2843 hinc
591 2799 651 2926 per
681 2776 853 2842 interualla
883 2777 1038 2861 disposita
1069 2777 1180 2862 magis

206 2867 324 2927 ornant
339 2863 475 2927 limitem
499 2862 628 2927 castele
650 2883 745 2946 quam
765 2865 950 2947 protegunt.
993 2865 1063 2925 arat
1084 2860 1180 2926 illam

274 3035 289 3082 6
307 3035 406 3084 Perses
417 3035 546 3099 Lanpius:
564 3050 614 3100 pro
633 3049 662 3084 sc
679 3037 706 3082 1
722 3033 727 3097 Ι
743 3034 790 3097 qni
807 3033 952 3084 dedentem
965 3032 1040 3084 Bert.
1052 3047 1089 3082 v:
1111 3033 1179 3098 quid

205 3101 327 3152 edentem
345 3102 373 3148 Η
396 3098 400 3164 1
433 3103 496 3152 lse
515 3099 586 3168 acc]
608 3117 714 3166 suscep.
733 3102 766 3149 W
790 3099 795 3166 Ι
818 3101 890 3168 legis
906 3101 981 3151 illius
1001 3101 1179 3154 seueritatem

205 3169 390 3220 Ritterrhusius
408 3165 459 3232 110
475 3170 618 3221 tristitiam
636 3171 745 3233 scripsi:
762 3169 900 3221 iustitiam
917 3169 944 3217 Ι
956 3166 966 3234 ΙΙ
979 3170 1011 3220 15
1030 3167 1076 3220 sed
1109 3173 1139 3218 et
1156 3169 1181 3218 Δ

209 3233 220 3300 Η
242 3237 273 3286 19
291 3235 443 3300 praeclusit
461 3239 519 3288 edd.
538 3234 548 3301 ΙΙ
569 3239 602 3286 21
620 3237 733 3286 uirtutis
750 3236 896 3288 Liuineius:
914 3236 1013 3286 uirtuti
1030 3237 1058 3283 Ι
1092 3251 1180 3299 posse

206 3317 234 3352 se
252 3304 400 3354 Liuineius:
418 3319 500 3369 posse
517 3304 544 3352 1
574 3302 583 3368 ss
612 3305 646 3352 26
666 3307 763 3368 coepto
782 3309 865 3370 ponte
882 3305 1027 3355 Puteumce:
1050 3307 1181 3368 coempta

205 3375 289 3435 ponte
308 3367 385 3435 (pote
397 3372 430 3421 W
447 3375 587 3438 potestate
604 3369 631 3433 (t)
650 3372 678 3419 Η
695 3370 771 3422 Bert.
791 3377 931 3438 comperta
948 3373 1089 3438 potestate
1107 3371 1183 3422 Liui·

206 3439 277 3488 nctus
301 3434 369 3504 ⁸129
388 3440 514 3490 accolere
533 3438 721 3490 Seianianos.-
745 3440 876 3491 attollere
894 3440 921 3489 Π
941 3437 1035 3491 oculos
1054 3437 1120 3488 and.
1141 3444 1185 3489 at-

205 3503 300 3556 tollere
318 3519 343 3554 w
360 3503 370 3570 ss
388 3509 419 3558 31
438 3506 485 3556 ille
504 3507 521 3553 (l
