2578 4000
145 233 146 240 ,
237 185 304 250 -158
560 186 607 239 VI.
637 185 789 236 INCERTI
805 185 886 236 Plu.

240 339 333 401 tanta
355 356 452 419 opera
474 338 644 419 utcumque
670 355 770 418 aequo
793 334 901 398 animo
922 333 1083 417 tulerunt,
1112 335 1218 418 impe·

241 441 313 484 rare
336 421 454 484 desisse
477 441 652 504 numquam
671 418 883 484 crediderunt.
913 419 989 504 quid
1012 420 1100 483 enim
1116 423 1220 504 putas

241 505 317 588 tibi,
340 503 552 586 Maximiane,
576 505 685 570 Iouem
707 505 813 587 ipsum
835 502 1053 588 respondisse,
1080 526 1156 570 cum
1178 507 1218 568 tu

216 590 500 740 tttttttntt
515 587 1112 758 tutu‘restituturus
1127 609 1218 738 stt

240 759 302 824 tibi
323 757 455 842 tradidi,
478 760 534 824 sed
556 761 737 844 aeternum,
768 780 835 823 non
855 758 991 842 recipio,
1016 757 1071 822 sed
1095 765 1216 823 seruo'.

243 845 352 909 statim
374 843 474 928 igitur
496 847 532 909 ut
553 843 818 928 praecipitantem
841 843 1094 927 rempublicam
1114 843 1218 908 refre-

241 929 326 993 nasti
359 931 392 994 et
418 928 636 1013 gubernacula
668 927 830 992 fluitantia
862 927 1028 1011 recepisti,
1062 928 1218 993 omnibus

242 1035 315 1098 spes
342 1012 455 1078 salutis
483 1012 598 1078 illuxit.
643 1034 777 1098 posuere
810 1013 915 1096 uenti,
953 1009 1066 1098 fugere
1099 1014 1219 1097 nubea,

204 1116 229 1156 10
241 1097 358 1162 fluctus
386 1097 573 1162 resederunt
601 1101 634 1163 et
658 1098 737 1181 iam,
771 1097 873 1163 sicubi
895 1096 999 1163 adhuc
1026 1097 1062 1160 in
1084 1097 1219 1182 longin-

242 1183 407 1267 quioribus
429 1183 522 1246 terris
546 1182 653 1266 aliqua
673 1182 863 1247 obuersatur
885 1181 1062 1248 obscuritas
1087 1185 1146 1246 aut
1165 1203 1220 1247 re·

242 1267 351 1333 siduus
384 1266 543 1334 undarum
577 1267 689 1350 pulsus
721 1268 959 1351 immurmurat,
996 1287 1130 1352 necesse
1166 1270 1221 1332 est

242 1356 352 1417 tamen
375 1353 415 1418 ad
437 1355 510 1418 tuos
532 1356 629 1417 nutus
651 1352 827 1417 dilucescat
848 1354 881 1416 et
902 1351 1005 1416 sileat.

306 1436 394 1502 XIII.
448 1435 525 1502 Dixi
555 1458 613 1521 pro
646 1437 771 1502 ratione
800 1436 969 1521 temporis,
1003 1436 1220 1502 sacratissimi

205 1537 230 1578 1⁵
243 1521 415 1606 principes,
444 1544 482 1586 ea
504 1543 584 1606 quae
606 1523 641 1586 in
663 1521 755 1586 uobis
778 1521 928 1604 inuicem,
954 1523 991 1584 ut
1012 1521 1135 1605 facitis,
1160 1521 1222 1584 ad·

242 1607 352 1670 mirari
375 1609 412 1704 et
439 1629 546 1705 amare
574 1607 707 1704 debetis.
755 1609 855 1704 restat
881 1609 918 1670 ut
945 1605 1017 1689 ipsa
1045 1605 1103 1669 illa
1133 1627 1220 1702 quae

242 1694 417 1842 111111
436 1691 831 1863 tsaffldtlltttlz
852 1691 1221 1860 sessura

241 1861 459 1927 immortales!
510 1864 632 1945 quanta
667 1860 814 1924 Romano
850 1860 986 1945 imperio
1021 1859 1216 1942 renouastis,

205 1962 230 2002 2⁰
244 1966 324 2030 quae
346 1946 420 2029 iam,
443 1949 544 2010 utres
560 1950 618 2028 est,
641 1949 804 2010 cesserant
820 1945 986 2009 uetustati.
1015 1943 1218 2008 Maximiano

244 2034 375 2095 aeterno
409 2031 594 2113 imperatori
629 2029 863 2095 Constantinus
898 2029 1074 2114 imperator
1111 2050 1218 2094 nonus

243 2115 315 2198 plus
345 2113 451 2196 coepit
478 2134 547 2177 esse
579 2133 674 2197 quam
702 2113 798 2179 filius.
845 2114 935 2178 fauet
960 2113 1016 2179 ille
1045 2113 1216 2194 crescenti,

243 2198 335 2262 adest
359 2197 421 2261 iste
449 2198 578 2262 seniori.
623 2199 786 2282 perpetuis
813 2198 958 2282 profecto
980 2199 1115 2282 pietatis
1143 2199 1217 2263 stir-

242 2283 337 2366 pibus
365 2281 505 2347 affinitas
530 2283 594 2348 ista
619 2283 792 2368 coalescat,
820 2305 900 2367 quae
923 2305 1049 2368 semper
1072 2304 1218 2348 summos

204 2368 277 2432 nin
300 2367 479 2452 republica
500 2368 586 2434 uiros
608 2369 648 2432 ad
668 2367 870 2433 concordiam
893 2369 1067 2452 copulauit.
1097 2368 1218 2432 etenim

244 2453 271 2516 si
294 2452 439 2537 quamuis
461 2453 652 2518 dissidentes
674 2453 813 2518 familias
835 2451 974 2518 Gracchi
996 2455 1029 2517 et
1044 2451 1218 2518 Corneliae

243 2537 483 2602 matrimonium
511 2537 639 2602 reduxit
665 2539 701 2610 in
727 2538 883 2623 gratiam,
917 2538 945 2602 si
969 2559 1029 2621 pro
1052 2536 1128 2601 diuo
1149 2538 1217 2601 Au-

162 2697 164 2700 ·
242 2625 339 2706 gusto
351 2621 519 2688 Actiacam
533 2622 702 2688 uictoriam
716 2622 937 2688 tantummodo
952 2643 1053 2706 gener
1066 2622 1218 2708 Agrippa

244 2707 397 2779 confecit:
421 2707 498 2791 quid
519 2707 712 2792 sperandum
733 2711 791 2791 est,
815 2728 888 2771 oum
908 2709 1141 2790 sempiternam
1161 2729 1217 2790 pa·

205 2805 230 2846 ³0
244 2791 304 2856 tris
326 2813 364 2857 ac
377 2791 436 2856 filii
459 2792 625 2858 caritatem
648 2793 745 2858 etiam
761 2791 948 2875 nuptiarum
962 2792 1076 2858 foedus
1100 2792 1217 2856 astrin-

243 2876 350 2941 xerit?
390 2877 475 2962 quod
500 2877 527 2941 si
548 2877 585 2943 P.
608 2875 716 2961 Scipio
742 2877 861 2941 bellum
886 2875 1047 2941 Punicum
1073 2877 1218 2960 suscepit

244 2962 430 3026 adulescens
451 2963 556 3046 iprum
578 2965 691 3048 postea
713 2964 919 3045 superaturus
934 2959 1166 3045 Hannibalem,
1189 2961 1217 3024 si

313 3186 327 3232 'l
345 3189 375 3234 ut
394 3185 516 3250 praecip.
535 3190 565 3236 ut
583 3199 666 3249 remp.
684 3181 757 3248 ΔΙΙ8
774 3185 913 3234 fluitantia
931 3199 978 3234 om.
990 3187 1024 3233 W
1036 3181 1046 3246 ΙΙ
1061 3186 1094 3235 10
1113 3190 1142 3233 et
1159 3182 1217 3232 iam

242 3252 352 3314 scripsi:
365 3253 560 3302 etiamlchrt.
573 3257 601 3302 et
612 3254 670 3302 edd.
683 3249 693 3316 ll
708 3253 737 3300 11
749 3249 866 3318 obscur]
878 3251 1051 3303 securitasw
1063 3248 1074 3315 ΙΙ
1089 3253 1121 3302 13
1132 3249 1167 3300 ad
1177 3264 1216 3298 w:

244 3321 292 3368 aut
303 3318 330 3365 1
342 3316 352 3382 u
366 3322 397 3370 16
414 3320 464 3370 illa
475 3321 538 3384 ipsa
550 3322 603 3370 BV
615 3316 625 3384 ΙΙ
639 3321 670 3369 18
683 3320 817 3370 sermonis
829 3336 876 3370 om.
891 3319 966 3369 Bere.
979 3315 1036 3384 1121
1050 3319 1218 3384 imperatori

244 3387 418 3436 eternoBGV
429 3386 439 3453 ΙΙ
452 3390 485 3438 22
496 3387 647 3440 crescentis
657 3386 704 3436 AB
718 3383 728 3450 ll
741 3389 773 3437 23
785 3385 866 3436 illeA
880 3386 885 3449 Ι
900 3387 1050 3437 senioriwr
1064 3386 1159 3437 senior
1168 3383 1214 3450 11

242 3453 355 3518 pietatis
361 3467 394 3504 w:
402 3454 588 3520 pietatibus!
602 3452 608 3520 Ι
622 3453 1217 3520 stirpibuspoatpietatAW,porteoal.Bcv

243 3523 368 3574 collocant
385 3520 395 3588 ll
411 3525 445 3574 24
463 3537 582 3573 summos
600 3522 678 3572 nnuc
695 3519 706 3586 [l
722 3522 755 3570 26
773 3523 867 3587 graeci
879 3521 913 3569 W
931 3522 1007 3586 greci
1022 3522 1045 3572 Δ
1063 3522 1143 3588 gram
1159 3521 1181 3570 B
1195 3522 1217 3568 V
