<?xml version="1.0" encoding="UTF-8"?>
<!DOCTYPE html PUBLIC "-//W3C//DTD XHTML 1.0 Transitional//EN"
    "http://www.w3.org/TR/xhtml1/DTD/xhtml1-transitional.dtd">
<html xmlns="http://www.w3.org/1999/xhtml" xml:lang="en" lang="en">
 <head>
  <title>
</title>
<meta http-equiv="Content-Type" content="text/html;charset=utf-8" />
  <meta name='ocr-system' content='tesseract 3.04.00' />
  <meta name='ocr-capabilities' content='ocr_page ocr_carea ocr_par ocr_line ocrx_word'/>
</head>
<body>
  <div class='ocr_page' id='page_1' title='image "./xiipanegyricila02baehgoog_0240.png"; bbox 0 0 2578 4000; ppageno 0'>
   <div class='ocr_carea' id='block_1_1' title="bbox 188 193 836 260">
    <p class='ocr_par' dir='ltr' id='par_1_1' title="bbox 188 193 836 260">
     <span class='ocr_line' id='line_1_1' title="bbox 188 193 836 260; baseline -0.022 -2"><span class='ocrx_word' id='word_1_1' title='bbox 188 193 251 260; x_wconf 78' lang='lat'><strong>208</strong></span> <span class='ocrx_word' id='word_1_2' title='bbox 511 197 559 246; x_wconf 80' lang='lat' dir='ltr'><strong>ix.</strong></span> <span class='ocrx_word' id='word_1_3' title='bbox 590 195 739 246; x_wconf 78' lang='lat' dir='ltr'><strong>monam</strong></span> <span class='ocrx_word' id='word_1_4' title='bbox 756 195 836 244; x_wconf 71' lang='lat' dir='ltr'><strong>Pan.</strong></span> 
     </span>
    </p>
   </div>
   <div class='ocr_carea' id='block_1_2' title="bbox 106 343 1171 2860">
    <p class='ocr_par' dir='ltr' id='par_1_2' title="bbox 106 343 1161 578">
     <span class='ocr_line' id='line_1_2' title="bbox 106 343 1159 431; baseline -0.002 -21"><span class='ocrx_word' id='word_1_5' title='bbox 106 393 110 402; x_wconf 75' lang='lat'><strong>,</strong></span> <span class='ocrx_word' id='word_1_6' title='bbox 189 345 328 431; x_wconf 85' lang='lat' dir='ltr'><strong>gaudere</strong></span> <span class='ocrx_word' id='word_1_7' title='bbox 357 345 465 409; x_wconf 85' lang='lat' dir='ltr'><strong>cuncti</strong></span> <span class='ocrx_word' id='word_1_8' title='bbox 493 345 747 428; x_wconf 81' lang='lat' dir='ltr'><strong>spectaculorum</strong></span> <span class='ocrx_word' id='word_1_9' title='bbox 774 363 863 408; x_wconf 91' lang='lat' dir='ltr'><strong>mora</strong></span> <span class='ocrx_word' id='word_1_10' title='bbox 891 347 924 408; x_wconf 91' lang='lat' dir='ltr'><strong>et</strong></span> <span class='ocrx_word' id='word_1_11' title='bbox 945 343 1159 410; x_wconf 78' lang='lat' dir='ltr'><strong>familiaribus</strong></span> 
     </span>
     <span class='ocr_line' id='line_1_3' title="bbox 190 428 1161 511; baseline -0.002 -17"><span class='ocrx_word' id='word_1_12' title='bbox 190 431 252 494; x_wconf 85' lang='lat' dir='ltr'><strong>sibi</strong></span> <span class='ocrx_word' id='word_1_13' title='bbox 279 429 453 496; x_wconf 70' lang='lat' dir='ltr'><strong>artifimbus</strong></span> <span class='ocrx_word' id='word_1_14' title='bbox 481 430 523 493; x_wconf 93' lang='lat' dir='ltr'><strong>ob</strong></span> <span class='ocrx_word' id='word_1_15' title='bbox 550 428 612 493; x_wconf 89' lang='lat' dir='ltr'><strong>hoe</strong></span> <span class='ocrx_word' id='word_1_16' title='bbox 639 428 742 493; x_wconf 90' lang='lat' dir='ltr'><strong>solum</strong></span> <span class='ocrx_word' id='word_1_17' title='bbox 770 429 880 492; x_wconf 84' lang='lat' dir='ltr'><strong>fauere</strong></span> <span class='ocrx_word' id='word_1_18' title='bbox 908 429 993 510; x_wconf 90' lang='lat' dir='ltr'><strong>quod</strong></span> <span class='ocrx_word' id='word_1_19' title='bbox 1014 431 1047 492; x_wconf 86' lang='lat' dir='ltr'><strong>te</strong></span> <span class='ocrx_word' id='word_1_20' title='bbox 1070 451 1161 511; x_wconf 89' lang='lat' dir='ltr'><strong>prae·</strong></span> 
     </span>
     <span class='ocr_line' id='line_1_4' title="bbox 191 516 473 578; baseline -0.004 0"><span class='ocrx_word' id='word_1_21' title='bbox 191 518 281 578; x_wconf 87' lang='lat' dir='ltr'><strong>sente</strong></span> <span class='ocrx_word' id='word_1_22' title='bbox 303 516 473 578; x_wconf 80' lang='lat' dir='ltr'><strong>certarent.</strong></span> 
     </span>
    </p>

    <p class='ocr_par' dir='ltr' id='par_1_3' title="bbox 155 597 1170 2371">
     <span class='ocr_line' id='line_1_5' title="bbox 254 597 1161 684; baseline -0.003 -21"><span class='ocrx_word' id='word_1_23' title='bbox 254 598 326 664; x_wconf 90' lang='lat' dir='ltr'><strong>XX.</strong></span> <span class='ocrx_word' id='word_1_24' title='bbox 378 597 462 662; x_wconf 86' lang='lat' dir='ltr'><strong>Nem</strong></span> <span class='ocrx_word' id='word_1_25' title='bbox 485 598 560 681; x_wconf 92' lang='lat' dir='ltr'><strong>quid</strong></span> <span class='ocrx_word' id='word_1_26' title='bbox 583 619 643 684; x_wconf 82' lang='lat' dir='ltr'><strong>ego</strong></span> <span class='ocrx_word' id='word_1_27' title='bbox 666 597 704 661; x_wconf 91' lang='lat' dir='ltr'><strong>de</strong></span> <span class='ocrx_word' id='word_1_28' title='bbox 725 598 790 661; x_wconf 90' lang='lat' dir='ltr'><strong>tuis</strong></span> <span class='ocrx_word' id='word_1_29' title='bbox 818 597 963 660; x_wconf 85' lang='lat' dir='ltr'><strong>incuria</strong></span> <span class='ocrx_word' id='word_1_30' title='bbox 989 597 1161 661; x_wconf 88' lang='lat' dir='ltr'><strong>sententiis</strong></span> 
     </span>
     <span class='ocr_line' id='line_1_6' title="bbox 165 681 1163 768; baseline 0.001 -25"><span class='ocrx_word' id='word_1_31' title='bbox 165 687 286 768; x_wconf 84' lang='lat' dir='ltr'><strong>satque</strong></span> <span class='ocrx_word' id='word_1_32' title='bbox 310 683 390 747; x_wconf 82' lang='lat' dir='ltr'><strong>actis</strong></span> <span class='ocrx_word' id='word_1_33' title='bbox 408 683 545 766; x_wconf 80' lang='lat' dir='ltr'><strong>loquar?</strong></span> <span class='ocrx_word' id='word_1_34' title='bbox 590 683 683 746; x_wconf 90' lang='lat' dir='ltr'><strong>uibus</strong></span> <span class='ocrx_word' id='word_1_35' title='bbox 705 683 831 746; x_wconf 86' lang='lat' dir='ltr'><strong>senatui</strong></span> <span class='ocrx_word' id='word_1_36' title='bbox 853 681 1077 746; x_wconf 82' lang='lat' dir='ltr'><strong>auctoritatem</strong></span> <span class='ocrx_word' id='word_1_37' title='bbox 1099 683 1163 764; x_wconf 88' lang='lat' dir='ltr'><strong>pri·</strong></span> 
     </span>
     <span class='ocr_line' id='line_1_7' title="bbox 191 704 1161 851; baseline -0.003 -19"><span class='ocrx_word' id='word_1_38' title='bbox 191 770 311 832; x_wconf 88' lang='lat' dir='ltr'><strong>stinam</strong></span> <span class='ocrx_word' id='word_1_39' title='bbox 333 767 515 849; x_wconf 81' lang='lat' dir='ltr'><strong>reddidisti,</strong></span> <span class='ocrx_word' id='word_1_40' title='bbox 539 704 690 849; x_wconf 84' lang='lat' dir='ltr'><strong>salutem,</strong></span> <span class='ocrx_word' id='word_1_41' title='bbox 713 788 808 851; x_wconf 91' lang='lat' dir='ltr'><strong>quam</strong></span> <span class='ocrx_word' id='word_1_42' title='bbox 829 787 887 850; x_wconf 89' lang='lat' dir='ltr'><strong>per</strong></span> <span class='ocrx_word' id='word_1_43' title='bbox 908 769 940 830; x_wconf 91' lang='lat' dir='ltr'><strong>te</strong></span> <span class='ocrx_word' id='word_1_44' title='bbox 962 769 1161 849; x_wconf 72' lang='lat' dir='ltr'>receperant,</span> 
     </span>
     <span class='ocr_line' id='line_1_8' title="bbox 191 851 1164 936; baseline -0.003 -19"><span class='ocrx_word' id='word_1_45' title='bbox 191 851 259 917; x_wconf 82' lang='lat' dir='ltr'><strong>noir</strong></span> <span class='ocrx_word' id='word_1_46' title='bbox 281 852 464 936; x_wconf 84' lang='lat' dir='ltr'><strong>imputati,</strong></span> <span class='ocrx_word' id='word_1_47' title='bbox 494 851 679 916; x_wconf 84' lang='lat' dir='ltr'><strong>memoriam</strong></span> <span class='ocrx_word' id='word_1_48' title='bbox 702 853 770 916; x_wconf 86' lang='lat' dir='ltr'><strong>eius</strong></span> <span class='ocrx_word' id='word_1_49' title='bbox 797 852 832 914; x_wconf 89' lang='lat' dir='ltr'><strong>in</strong></span> <span class='ocrx_word' id='word_1_50' title='bbox 853 853 982 934; x_wconf 82' lang='lat' dir='ltr'><strong>pectore</strong></span> <span class='ocrx_word' id='word_1_51' title='bbox 1004 854 1060 914; x_wconf 88' lang='lat' dir='ltr'><strong>tuo</strong></span> <span class='ocrx_word' id='word_1_52' title='bbox 1083 872 1164 929; x_wconf 85' lang='lat' dir='ltr'><strong>sem·</strong></span> 
     </span>
     <span class='ocr_line' id='line_1_9' title="bbox 191 933 1163 1024; baseline 0.001 -25"><span class='ocrx_word' id='word_1_53' title='bbox 191 937 353 1020; x_wconf 85' lang='lat' dir='ltr'><strong>piternam</strong></span> <span class='ocrx_word' id='word_1_54' title='bbox 374 936 443 1000; x_wconf 86' lang='lat' dir='ltr'><strong>fore</strong></span> <span class='ocrx_word' id='word_1_55' title='bbox 466 937 676 1024; x_wconf 73' lang='lat' dir='ltr'><strong>spopondisti.</strong></span> <span class='ocrx_word' id='word_1_56' title='bbox 708 935 846 1000; x_wconf 90' lang='lat' dir='ltr'><strong>dieerem</strong></span> <span class='ocrx_word' id='word_1_57' title='bbox 868 935 961 1019; x_wconf 86' lang='lat' dir='ltr'><strong>plura</strong></span> <span class='ocrx_word' id='word_1_58' title='bbox 983 933 1022 998; x_wconf 90' lang='lat' dir='ltr'><strong>de</strong></span> <span class='ocrx_word' id='word_1_59' title='bbox 1044 935 1163 1000; x_wconf 88' lang='lat' dir='ltr'><strong>diuinis</strong></span> 
     </span>
     <span class='ocr_line' id='line_1_10' title="bbox 193 1020 1165 1104; baseline 0 -20"><span class='ocrx_word' id='word_1_60' title='bbox 193 1021 392 1084; x_wconf 89' lang='lat' dir='ltr'><strong>orationibus</strong></span> <span class='ocrx_word' id='word_1_61' title='bbox 417 1023 497 1103; x_wconf 87' lang='lat' dir='ltr'><strong>tuis,</strong></span> <span class='ocrx_word' id='word_1_62' title='bbox 528 1021 567 1083; x_wconf 91' lang='lat' dir='ltr'><strong>de</strong></span> <span class='ocrx_word' id='word_1_63' title='bbox 595 1021 705 1084; x_wconf 90' lang='lat' dir='ltr'><strong>oblata</strong></span> <span class='ocrx_word' id='word_1_64' title='bbox 732 1020 839 1103; x_wconf 86' lang='lat' dir='ltr'><strong>potius</strong></span> <span class='ocrx_word' id='word_1_65' title='bbox 866 1041 963 1103; x_wconf 89' lang='lat' dir='ltr'><strong>quam</strong></span> <span class='ocrx_word' id='word_1_66' title='bbox 992 1020 1165 1104; x_wconf 85' lang='lat' dir='ltr'><strong>impetrata</strong></span> 
     </span>
     <span class='ocr_line' id='line_1_11' title="bbox 155 1103 1165 1188; baseline 0.003 -23"><span class='ocrx_word' id='word_1_67' title='bbox 155 1128 181 1167; x_wconf 79' lang='grc' dir='ltr'><strong>ιο</strong></span> <span class='ocrx_word' id='word_1_68' title='bbox 193 1105 406 1188; x_wconf 72' lang='lat' dir='ltr'><strong>benignitate,</strong></span> <span class='ocrx_word' id='word_1_69' title='bbox 430 1105 494 1168; x_wconf 88' lang='lat' dir='ltr'><strong>nisi</strong></span> <span class='ocrx_word' id='word_1_70' title='bbox 515 1105 644 1168; x_wconf 90' lang='lat' dir='ltr'><strong>mallem</strong></span> <span class='ocrx_word' id='word_1_71' title='bbox 666 1103 752 1168; x_wconf 88' lang='lat' dir='ltr'><strong>diota</strong></span> <span class='ocrx_word' id='word_1_72' title='bbox 773 1106 906 1168; x_wconf 82' lang='lat' dir='ltr'><strong>retinere</strong></span> <span class='ocrx_word' id='word_1_73' title='bbox 929 1104 1005 1168; x_wconf 90' lang='lat' dir='ltr'><strong>dum</strong></span> <span class='ocrx_word' id='word_1_74' title='bbox 1026 1125 1165 1188; x_wconf 88' lang='lat' dir='ltr'><strong>propero</strong></span> 
     </span>
     <span class='ocr_line' id='line_1_12' title="bbox 193 1187 1166 1273; baseline 0.001 -20"><span class='ocrx_word' id='word_1_75' title='bbox 193 1191 280 1253; x_wconf 86' lang='lat' dir='ltr'><strong>faeta</strong></span> <span class='ocrx_word' id='word_1_76' title='bbox 302 1188 441 1252; x_wconf 85' lang='lat' dir='ltr'><strong>laudare.</strong></span> <span class='ocrx_word' id='word_1_77' title='bbox 470 1189 646 1273; x_wconf 90' lang='lat' dir='ltr'><strong>quamlibet</strong></span> <span class='ocrx_word' id='word_1_78' title='bbox 668 1187 766 1252; x_wconf 86' lang='lat' dir='ltr'><strong>uerba</strong></span> <span class='ocrx_word' id='word_1_79' title='bbox 784 1191 840 1253; x_wconf 92' lang='lat' dir='ltr'><strong>tua</strong></span> <span class='ocrx_word' id='word_1_80' title='bbox 861 1189 897 1252; x_wconf 91' lang='lat' dir='ltr'><strong>in</strong></span> <span class='ocrx_word' id='word_1_81' title='bbox 919 1191 1032 1252; x_wconf 88' lang='lat' dir='ltr'><strong>senatu</strong></span> <span class='ocrx_word' id='word_1_82' title='bbox 1053 1188 1166 1254; x_wconf 87' lang='lat' dir='ltr'><strong>habita</strong></span> 
     </span>
     <span class='ocr_line' id='line_1_13' title="bbox 193 1273 1165 1356; baseline 0 -18"><span class='ocrx_word' id='word_1_83' title='bbox 193 1274 286 1338; x_wconf 86' lang='lat' dir='ltr'><strong>nobis</strong></span> <span class='ocrx_word' id='word_1_84' title='bbox 308 1294 374 1338; x_wconf 78' lang='lat' dir='ltr'><strong>aon</strong></span> <span class='ocrx_word' id='word_1_85' title='bbox 392 1277 471 1337; x_wconf 90' lang='lat' dir='ltr'><strong>nota</strong></span> <span class='ocrx_word' id='word_1_86' title='bbox 488 1274 563 1356; x_wconf 85' lang='lat' dir='ltr'><strong>sint,</strong></span> <span class='ocrx_word' id='word_1_87' title='bbox 585 1278 698 1337; x_wconf 89' lang='lat' dir='ltr'><strong>tamen</strong></span> <span class='ocrx_word' id='word_1_88' title='bbox 712 1273 820 1356; x_wconf 89' lang='lat' dir='ltr'><strong>qualia</strong></span> <span class='ocrx_word' id='word_1_89' title='bbox 834 1273 957 1337; x_wconf 85' lang='lat' dir='ltr'><strong>fuerint</strong></span> <span class='ocrx_word' id='word_1_90' title='bbox 976 1273 1165 1338; x_wconf 86' lang='lat' dir='ltr'><strong>elementiae</strong></span> 
     </span>
     <span class='ocr_line' id='line_1_14' title="bbox 194 1356 1166 1442; baseline -0.002 -20"><span class='ocrx_word' id='word_1_91' title='bbox 194 1363 270 1422; x_wconf 89' lang='lat' dir='ltr'><strong>tuae</strong></span> <span class='ocrx_word' id='word_1_92' title='bbox 292 1359 397 1442; x_wconf 84' lang='lat' dir='ltr'><strong>gloria</strong></span> <span class='ocrx_word' id='word_1_93' title='bbox 417 1359 591 1422; x_wconf 90' lang='lat' dir='ltr'><strong>nuntiauit.</strong></span> <span class='ocrx_word' id='word_1_94' title='bbox 631 1380 650 1422; x_wconf 93' lang='lat' dir='ltr'><strong>o</strong></span> <span class='ocrx_word' id='word_1_95' title='bbox 672 1357 802 1421; x_wconf 88' lang='lat' dir='ltr'><strong>tandem</strong></span> <span class='ocrx_word' id='word_1_96' title='bbox 824 1357 903 1422; x_wconf 84' lang='lat' dir='ltr'><strong>felix</strong></span> <span class='ocrx_word' id='word_1_97' title='bbox 926 1357 1029 1440; x_wconf 86' lang='lat' dir='ltr'><strong>ciuili,</strong></span> <span class='ocrx_word' id='word_1_98' title='bbox 1052 1356 1166 1440; x_wconf 88' lang='lat' dir='ltr'><strong>Roma,</strong></span> 
     </span>
     <span class='ocr_line' id='line_1_15' title="bbox 194 1440 1167 1527; baseline 0 -21"><span class='ocrx_word' id='word_1_99' title='bbox 194 1443 348 1506; x_wconf 81' lang='lat' dir='ltr'><strong>uictoria!</strong></span> <span class='ocrx_word' id='word_1_100' title='bbox 387 1444 502 1527; x_wconf 87' lang='lat' dir='ltr'><strong>irrupit</strong></span> <span class='ocrx_word' id='word_1_101' title='bbox 528 1447 562 1506; x_wconf 94' lang='lat' dir='ltr'><strong>te</strong></span> <span class='ocrx_word' id='word_1_102' title='bbox 590 1443 666 1507; x_wconf 91' lang='lat' dir='ltr'><strong>olim</strong></span> <span class='ocrx_word' id='word_1_103' title='bbox 689 1440 794 1507; x_wconf 80' lang='lat' dir='ltr'><strong>Cinna</strong></span> <span class='ocrx_word' id='word_1_104' title='bbox 820 1442 960 1506; x_wconf 89' lang='lat' dir='ltr'><strong>furiosus</strong></span> <span class='ocrx_word' id='word_1_105' title='bbox 989 1446 1022 1506; x_wconf 93' lang='lat' dir='ltr'><strong>et</strong></span> <span class='ocrx_word' id='word_1_106' title='bbox 1042 1441 1167 1506; x_wconf 87' lang='lat' dir='ltr'><strong>Marius</strong></span> 
     </span>
     <span class='ocr_line' id='line_1_16' title="bbox 157 1526 1167 1610; baseline 0.001 -21"><span class='ocrx_word' id='word_1_107' title='bbox 157 1549 182 1589; x_wconf 82' lang='lat'><strong>1⁵</strong></span> <span class='ocrx_word' id='word_1_108' title='bbox 195 1528 309 1609; x_wconf 89' lang='lat' dir='ltr'><strong>iratus,</strong></span> <span class='ocrx_word' id='word_1_109' title='bbox 339 1528 393 1610; x_wconf 93' lang='lat' dir='ltr'><strong>qui</strong></span> <span class='ocrx_word' id='word_1_110' title='bbox 415 1549 482 1591; x_wconf 92' lang='lat' dir='ltr'><strong>non</strong></span> <span class='ocrx_word' id='word_1_111' title='bbox 504 1527 573 1592; x_wconf 92' lang='lat' dir='ltr'><strong>solo</strong></span> <span class='ocrx_word' id='word_1_112' title='bbox 602 1549 636 1592; x_wconf 89' lang='lat' dir='ltr'><strong>se</strong></span> <span class='ocrx_word' id='word_1_113' title='bbox 659 1527 786 1593; x_wconf 88' lang='lat' dir='ltr'><strong>Octauii</strong></span> <span class='ocrx_word' id='word_1_114' title='bbox 814 1526 960 1592; x_wconf 83' lang='lat' dir='ltr'><strong>consulis·</strong></span> <span class='ocrx_word' id='word_1_115' title='bbox 984 1527 1091 1609; x_wconf 87' lang='lat' dir='ltr'><strong>eapite</strong></span> <span class='ocrx_word' id='word_1_116' title='bbox 1120 1547 1167 1590; x_wconf 88' lang='lat' dir='ltr'><strong>sa·</strong></span> 
     </span>
     <span class='ocr_line' id='line_1_17' title="bbox 194 1610 1166 1695; baseline -0.001 -20"><span class='ocrx_word' id='word_1_117' title='bbox 194 1612 333 1694; x_wconf 86' lang='lat' dir='ltr'><strong>tiarunt,</strong></span> <span class='ocrx_word' id='word_1_118' title='bbox 367 1612 422 1675; x_wconf 91' lang='lat' dir='ltr'><strong>sed</strong></span> <span class='ocrx_word' id='word_1_119' title='bbox 449 1611 624 1676; x_wconf 86' lang='lat' dir='ltr'><strong>luminibus</strong></span> <span class='ocrx_word' id='word_1_120' title='bbox 658 1610 798 1676; x_wconf 78' lang='lat' dir='ltr'><strong>ciuitatis</strong></span> <span class='ocrx_word' id='word_1_121' title='bbox 828 1611 979 1675; x_wconf 81' lang='lat' dir='ltr'><strong>extinctis</strong></span> <span class='ocrx_word' id='word_1_122' title='bbox 1007 1611 1166 1695; x_wconf 86' lang='lat' dir='ltr'><strong>exempla,</strong></span> 
     </span>
     <span class='ocr_line' id='line_1_18' title="bbox 195 1695 1169 1779; baseline 0 -20"><span class='ocrx_word' id='word_1_123' title='bbox 195 1717 277 1779; x_wconf 90' lang='lat' dir='ltr'><strong>quae</strong></span> <span class='ocrx_word' id='word_1_124' title='bbox 297 1717 385 1760; x_wconf 90' lang='lat' dir='ltr'><strong>nuno</strong></span> <span class='ocrx_word' id='word_1_125' title='bbox 400 1698 468 1760; x_wconf 90' lang='lat' dir='ltr'><strong>toto</strong></span> <span class='ocrx_word' id='word_1_126' title='bbox 491 1697 643 1761; x_wconf 86' lang='lat' dir='ltr'><strong>sexennio</strong></span> <span class='ocrx_word' id='word_1_127' title='bbox 688 1717 760 1760; x_wconf 85' lang='lat' dir='ltr'><strong>assa</strong></span> <span class='ocrx_word' id='word_1_128' title='bbox 773 1717 827 1779; x_wconf 87' lang='lat' dir='ltr'><strong>es,</strong></span> <span class='ocrx_word' id='word_1_129' title='bbox 850 1695 1058 1779; x_wconf 88' lang='lat' dir='ltr'><strong>reliquerunt.</strong></span> <span class='ocrx_word' id='word_1_130' title='bbox 1089 1696 1169 1760; x_wconf 85' lang='lat' dir='ltr'><strong>uiuit</strong></span> 
     </span>
     <span class='ocr_line' id='line_1_19' title="bbox 195 1720 1168 1864; baseline 0 -20"><span class='ocrx_word' id='word_1_131' title='bbox 195 1782 312 1844; x_wconf 81' lang='lat' dir='ltr'><strong>iterum</strong></span> <span class='ocrx_word' id='word_1_132' title='bbox 333 1781 394 1844; x_wconf 86' lang='lat' dir='ltr'><strong>tibi</strong></span> <span class='ocrx_word' id='word_1_133' title='bbox 417 1783 492 1844; x_wconf 88' lang='lat' dir='ltr'><strong>ante</strong></span> <span class='ocrx_word' id='word_1_134' title='bbox 514 1785 643 1864; x_wconf 87' lang='lat' dir='ltr'><strong>portam</strong></span> <span class='ocrx_word' id='word_1_135' title='bbox 664 1720 827 1846; x_wconf 54' lang='lat' dir='ltr'><strong>bollinam</strong></span> <span class='ocrx_word' id='word_1_136' title='bbox 849 1779 953 1860; x_wconf 82' lang='lat' dir='ltr'><strong>Sulla,</strong></span> <span class='ocrx_word' id='word_1_137' title='bbox 981 1780 1061 1844; x_wconf 80' lang='lat' dir='ltr'><strong>felix</strong></span> <span class='ocrx_word' id='word_1_138' title='bbox 1083 1780 1112 1844; x_wconf 93' lang='lat' dir='ltr'><strong>si</strong></span> <span class='ocrx_word' id='word_1_139' title='bbox 1135 1801 1168 1844; x_wconf 91' lang='lat' dir='ltr'><strong>se</strong></span> 
     </span>
     <span class='ocr_line' id='line_1_20' title="bbox 195 1864 1169 1950; baseline -0.002 -21"><span class='ocrx_word' id='word_1_140' title='bbox 195 1866 323 1949; x_wconf 82' lang='lat' dir='ltr'><strong>peruius</strong></span> <span class='ocrx_word' id='word_1_141' title='bbox 345 1866 555 1950; x_wconf 83' lang='lat' dir='ltr'><strong>uindicasset;</strong></span> <span class='ocrx_word' id='word_1_142' title='bbox 576 1871 622 1930; x_wconf 80' lang='lat' dir='ltr'><strong>set</strong></span> <span class='ocrx_word' id='word_1_143' title='bbox 643 1865 730 1929; x_wconf 90' lang='lat' dir='ltr'><strong>enim</strong></span> <span class='ocrx_word' id='word_1_144' title='bbox 751 1865 861 1930; x_wconf 87' lang='lat' dir='ltr'><strong>multis</strong></span> <span class='ocrx_word' id='word_1_145' title='bbox 883 1864 1040 1948; x_wconf 84' lang='lat' dir='ltr'><strong>capitibus</strong></span> <span class='ocrx_word' id='word_1_146' title='bbox 1064 1868 1169 1928; x_wconf 87' lang='lat' dir='ltr'><strong>rostra</strong></span> 
     </span>
     <span class='ocr_line' id='line_1_21' title="bbox 158 1948 1169 2034; baseline 0.002 -24"><span class='ocrx_word' id='word_1_147' title='bbox 158 1973 184 2012; x_wconf 80' lang='lat' dir='ltr'><strong>ao</strong></span> <span class='ocrx_word' id='word_1_148' title='bbox 197 1949 381 2034; x_wconf 81' lang='lat' dir='ltr'><strong>compleuit.</strong></span> <span class='ocrx_word' id='word_1_149' title='bbox 397 1948 630 2016; x_wconf 79' lang='lat' dir='ltr'><strong>Constantinus</strong></span> <span class='ocrx_word' id='word_1_150' title='bbox 639 1950 793 2014; x_wconf 78' lang='lat' dir='ltr'><strong>uictoriae</strong></span> <span class='ocrx_word' id='word_1_151' title='bbox 802 1950 965 2014; x_wconf 81' lang='lat' dir='ltr'><strong>licentiam</strong></span> <span class='ocrx_word' id='word_1_152' title='bbox 976 1949 1041 2013; x_wconf 90' lang='lat' dir='ltr'><strong>fine</strong></span> <span class='ocrx_word' id='word_1_153' title='bbox 1052 1948 1169 2032; x_wconf 88' lang='lat' dir='ltr'><strong>proelii</strong></span> 
     </span>
     <span class='ocr_line' id='line_1_22' title="bbox 196 2033 1169 2118; baseline -0.002 -20"><span class='ocrx_word' id='word_1_154' title='bbox 196 2035 399 2099; x_wconf 87' lang='lat' dir='ltr'><strong>terminauit:</strong></span> <span class='ocrx_word' id='word_1_155' title='bbox 428 2034 552 2117; x_wconf 84' lang='lat' dir='ltr'><strong>gladios</strong></span> <span class='ocrx_word' id='word_1_156' title='bbox 574 2056 615 2098; x_wconf 88' lang='lat' dir='ltr'><strong>ne</strong></span> <span class='ocrx_word' id='word_1_157' title='bbox 637 2035 672 2097; x_wconf 96' lang='lat' dir='ltr'><strong>in</strong></span> <span class='ocrx_word' id='word_1_158' title='bbox 695 2056 803 2099; x_wconf 92' lang='lat' dir='ltr'><strong>eornm</strong></span> <span class='ocrx_word' id='word_1_159' title='bbox 825 2035 953 2118; x_wconf 88' lang='lat' dir='ltr'><strong>quidem</strong></span> <span class='ocrx_word' id='word_1_160' title='bbox 976 2033 1169 2118; x_wconf 81' lang='lat' dir='ltr'><strong>sanguinem</strong></span> 
     </span>
     <span class='ocr_line' id='line_1_23' title="bbox 198 2118 1083 2204; baseline 0.001 -24"><span class='ocrx_word' id='word_1_161' title='bbox 198 2118 312 2181; x_wconf 89' lang='lat' dir='ltr'><strong>distrin</strong></span> <span class='ocrx_word' id='word_1_162' title='bbox 340 2118 346 2131; x_wconf 86' lang='lat'>&#39;</span> <span class='ocrx_word' id='word_1_163' title='bbox 369 2139 482 2200; x_wconf 87' lang='lat' dir='ltr'><strong>passus</strong></span> <span class='ocrx_word' id='word_1_164' title='bbox 505 2121 554 2180; x_wconf 89' lang='lat' dir='ltr'><strong>est</strong></span> <span class='ocrx_word' id='word_1_165' title='bbox 575 2139 654 2201; x_wconf 87' lang='lat' dir='ltr'><strong>quos</strong></span> <span class='ocrx_word' id='word_1_166' title='bbox 677 2119 718 2182; x_wconf 88' lang='lat' dir='ltr'><strong>ad</strong></span> <span class='ocrx_word' id='word_1_167' title='bbox 740 2120 897 2204; x_wconf 85' lang='lat' dir='ltr'><strong>supplicia</strong></span> <span class='ocrx_word' id='word_1_168' title='bbox 917 2119 1083 2202; x_wconf 83' lang='lat' dir='ltr'><strong>poscebas.</strong></span> 
     </span>
     <span class='ocr_line' id='line_1_24' title="bbox 261 2199 1170 2286; baseline 0.002 -22"><span class='ocrx_word' id='word_1_169' title='bbox 261 2201 349 2264; x_wconf 90' lang='lat' dir='ltr'><strong>XX.</strong></span> <span class='ocrx_word' id='word_1_170' title='bbox 399 2199 549 2265; x_wconf 88' lang='lat' dir='ltr'><strong>Deditam</strong></span> <span class='ocrx_word' id='word_1_171' title='bbox 581 2202 643 2266; x_wconf 89' lang='lat' dir='ltr'><strong>sibi</strong></span> <span class='ocrx_word' id='word_1_172' title='bbox 673 2202 758 2267; x_wconf 91' lang='lat' dir='ltr'><strong>idem</strong></span> <span class='ocrx_word' id='word_1_173' title='bbox 784 2203 875 2268; x_wconf 77' lang='lat' dir='ltr'><strong>Sulla</strong></span> <span class='ocrx_word' id='word_1_174' title='bbox 909 2205 1170 2286; x_wconf 59' lang='lat' dir='ltr'><strong>exarmataer</strong></span> 
     </span>
     <span class='ocr_line' id='line_1_25' title="bbox 198 2285 1170 2371; baseline 0.002 -23"><span class='ocrx_word' id='word_1_175' title='bbox 198 2285 360 2369; x_wconf 81' lang='lat' dir='ltr'><strong>legionem</strong></span> <span class='ocrx_word' id='word_1_176' title='bbox 391 2286 427 2348; x_wconf 92' lang='lat' dir='ltr'><strong>in</strong></span> <span class='ocrx_word' id='word_1_177' title='bbox 454 2286 533 2349; x_wconf 92' lang='lat' dir='ltr'><strong>uilla</strong></span> <span class='ocrx_word' id='word_1_178' title='bbox 560 2287 690 2370; x_wconf 85' lang='lat' dir='ltr'><strong>publiea</strong></span> <span class='ocrx_word' id='word_1_179' title='bbox 723 2289 897 2352; x_wconf 87' lang='lat' dir='ltr'><strong>truoidauit</strong></span> <span class='ocrx_word' id='word_1_180' title='bbox 924 2287 1170 2371; x_wconf 79' lang='lat' dir='ltr'><strong>perculsumque</strong></span> 
     </span>
    </p>

    <p class='ocr_par' dir='ltr' id='par_1_4' title="bbox 158 2370 1171 2775">
     <span class='ocr_line' id='line_1_26' title="bbox 158 2370 1171 2454; baseline 0.003 -23"><span class='ocrx_word' id='word_1_181' title='bbox 158 2391 185 2432; x_wconf 76' lang='lat'><strong>25</strong></span> <span class='ocrx_word' id='word_1_182' title='bbox 198 2370 403 2435; x_wconf 86' lang='lat' dir='ltr'><strong>morientium</strong></span> <span class='ocrx_word' id='word_1_183' title='bbox 417 2371 541 2454; x_wconf 86' lang='lat' dir='ltr'><strong>gemitu</strong></span> <span class='ocrx_word' id='word_1_184' title='bbox 563 2375 709 2436; x_wconf 85' lang='lat' dir='ltr'><strong>senatum</strong></span> <span class='ocrx_word' id='word_1_185' title='bbox 730 2374 858 2437; x_wconf 88' lang='lat' dir='ltr'><strong>monuit</strong></span> <span class='ocrx_word' id='word_1_186' title='bbox 878 2394 920 2436; x_wconf 91' lang='lat' dir='ltr'><strong>ne</strong></span> <span class='ocrx_word' id='word_1_187' title='bbox 934 2372 1064 2436; x_wconf 87' lang='lat' dir='ltr'><strong>timeret</strong></span> <span class='ocrx_word' id='word_1_188' title='bbox 1085 2371 1171 2454; x_wconf 91' lang='lat' dir='ltr'><strong>quod</strong></span> 
     </span>
     <span class='ocr_line' id='line_1_27' title="bbox 198 2455 1171 2540; baseline -0.001 -20"><span class='ocrx_word' id='word_1_189' title='bbox 198 2456 267 2539; x_wconf 89' lang='lat' dir='ltr'><strong>ipse</strong></span> <span class='ocrx_word' id='word_1_190' title='bbox 290 2455 443 2520; x_wconf 87' lang='lat' dir='ltr'><strong>iussisset.</strong></span> <span class='ocrx_word' id='word_1_191' title='bbox 472 2458 507 2518; x_wconf 86' lang='lat' dir='ltr'><strong>et</strong></span> <span class='ocrx_word' id='word_1_192' title='bbox 528 2456 589 2520; x_wconf 89' lang='lat' dir='ltr'><strong>iste</strong></span> <span class='ocrx_word' id='word_1_193' title='bbox 611 2457 715 2520; x_wconf 91' lang='lat' dir='ltr'><strong>uietor</strong></span> <span class='ocrx_word' id='word_1_194' title='bbox 735 2479 802 2522; x_wconf 93' lang='lat' dir='ltr'><strong>non</strong></span> <span class='ocrx_word' id='word_1_195' title='bbox 823 2457 917 2522; x_wconf 91' lang='lat' dir='ltr'><strong>modo</strong></span> <span class='ocrx_word' id='word_1_196' title='bbox 939 2455 1090 2540; x_wconf 89' lang='lat' dir='ltr'><strong>hostium,</strong></span> <span class='ocrx_word' id='word_1_197' title='bbox 1114 2455 1171 2519; x_wconf 92' lang='lat' dir='ltr'><strong>sed</strong></span> 
     </span>
     <span class='ocr_line' id='line_1_28' title="bbox 200 2539 1170 2625; baseline 0 -22"><span class='ocrx_word' id='word_1_198' title='bbox 200 2539 296 2603; x_wconf 88' lang='lat' dir='ltr'><strong>etiam</strong></span> <span class='ocrx_word' id='word_1_199' title='bbox 321 2540 476 2603; x_wconf 81' lang='lat' dir='ltr'><strong>uictoriae</strong></span> <span class='ocrx_word' id='word_1_200' title='bbox 497 2562 589 2624; x_wconf 85' lang='lat' dir='ltr'><strong>suae,</strong></span> <span class='ocrx_word' id='word_1_201' title='bbox 619 2541 771 2625; x_wconf 88' lang='lat' dir='ltr'><strong>quioquid</strong></span> <span class='ocrx_word' id='word_1_202' title='bbox 793 2542 932 2605; x_wconf 89' lang='lat' dir='ltr'><strong>militum</strong></span> <span class='ocrx_word' id='word_1_203' title='bbox 954 2540 1039 2604; x_wconf 93' lang='lat' dir='ltr'><strong>bello</strong></span> <span class='ocrx_word' id='word_1_204' title='bbox 1062 2561 1170 2623; x_wconf 85' lang='lat' dir='ltr'><strong>super-</strong></span> 
     </span>
     <span class='ocr_line' id='line_1_29' title="bbox 197 2624 1170 2709; baseline -0.001 -22"><span class='ocrx_word' id='word_1_205' title='bbox 197 2624 275 2706; x_wconf 84' lang='lat' dir='ltr'><strong>fuit,</strong></span> <span class='ocrx_word' id='word_1_206' title='bbox 304 2625 363 2688; x_wconf 89' lang='lat' dir='ltr'><strong>tibi</strong></span> <span class='ocrx_word' id='word_1_207' title='bbox 386 2625 571 2690; x_wconf 87' lang='lat' dir='ltr'><strong>reseruauit.</strong></span> <span class='ocrx_word' id='word_1_208' title='bbox 614 2626 676 2690; x_wconf 91' lang='lat' dir='ltr'><strong>tibi</strong></span> <span class='ocrx_word' id='word_1_209' title='bbox 701 2626 787 2690; x_wconf 90' lang='lat' dir='ltr'><strong>enim</strong></span> <span class='ocrx_word' id='word_1_210' title='bbox 814 2627 879 2690; x_wconf 90' lang='lat' dir='ltr'><strong>iam</strong></span> <span class='ocrx_word' id='word_1_211' title='bbox 901 2625 1060 2708; x_wconf 86' lang='lat' dir='ltr'><strong>militant,</strong></span> <span class='ocrx_word' id='word_1_212' title='bbox 1090 2645 1170 2709; x_wconf 89' lang='lat' dir='ltr'><strong>qnos</strong></span> 
     </span>
     <span class='ocr_line' id='line_1_30' title="bbox 199 2708 1170 2775; baseline -0.001 -3"><span class='ocrx_word' id='word_1_213' title='bbox 199 2712 313 2774; x_wconf 83' lang='lat' dir='ltr'><strong>exutos</strong></span> <span class='ocrx_word' id='word_1_214' title='bbox 336 2708 433 2774; x_wconf 85' lang='lat' dir='ltr'><strong>armis</strong></span> <span class='ocrx_word' id='word_1_215' title='bbox 454 2708 500 2772; x_wconf 91' lang='lat' dir='ltr'><strong>im</strong></span> <span class='ocrx_word' id='word_1_216' title='bbox 523 2710 562 2774; x_wconf 90' lang='lat' dir='ltr'><strong>iis</strong></span> <span class='ocrx_word' id='word_1_217' title='bbox 584 2709 735 2775; x_wconf 84' lang='lat' dir='ltr'><strong>aduersus</strong></span> <span class='ocrx_word' id='word_1_218' title='bbox 758 2710 868 2775; x_wconf 86' lang='lat' dir='ltr'><strong>hostes</strong></span> <span class='ocrx_word' id='word_1_219' title='bbox 882 2711 1037 2774; x_wconf 87' lang='lat' dir='ltr'><strong>barbaros</strong></span> <span class='ocrx_word' id='word_1_220' title='bbox 1059 2729 1170 2773; x_wconf 91' lang='lat' dir='ltr'><strong>rursus</strong></span> 
     </span>
    </p>

    <p class='ocr_par' dir='ltr' id='par_1_5' title="bbox 161 2731 1170 2860">
     <span class='ocr_line' id='line_1_31' title="bbox 161 2731 1170 2860; baseline 0.003 -8"><span class='ocrx_word' id='word_1_221' title='bbox 161 2813 187 2852; x_wconf 82' lang='lat' dir='ltr'><strong>ao</strong></span> <span class='ocrx_word' id='word_1_222' title='bbox 201 2793 346 2859; x_wconf 86' lang='lat' dir='ltr'><strong>armauit.</strong></span> <span class='ocrx_word' id='word_1_223' title='bbox 376 2793 441 2856; x_wconf 89' lang='lat' dir='ltr'><strong>iam</strong></span> <span class='ocrx_word' id='word_1_224' title='bbox 463 2731 555 2858; x_wconf 83' lang='lat' dir='ltr'><strong>obliti</strong></span> <span class='ocrx_word' id='word_1_225' title='bbox 570 2794 755 2859; x_wconf 81' lang='lat' dir='ltr'><strong>deliciarum</strong></span> <span class='ocrx_word' id='word_1_226' title='bbox 777 2796 854 2860; x_wconf 87' lang='lat' dir='ltr'><strong>eiroi</strong></span> <span class='ocrx_word' id='word_1_227' title='bbox 875 2795 1007 2858; x_wconf 86' lang='lat' dir='ltr'><strong>maximi</strong></span> <span class='ocrx_word' id='word_1_228' title='bbox 1029 2797 1063 2857; x_wconf 91' lang='lat' dir='ltr'><strong>et</strong></span> <span class='ocrx_word' id='word_1_229' title='bbox 1077 2792 1170 2857; x_wconf 91' lang='lat' dir='ltr'><strong>Pom-</strong></span> 
     </span>
    </p>
   </div>
   <div class='ocr_carea' id='block_1_3' title="bbox 200 2980 1172 3590">
    <p class='ocr_par' dir='ltr' id='par_1_6' title="bbox 200 2980 1172 3590">
     <span class='ocr_line' id='line_1_32' title="bbox 268 2980 1169 3049; baseline -0.002 -17"><span class='ocrx_word' id='word_1_230' title='bbox 268 2985 285 3032; x_wconf 79' lang='lat'>4</span> <span class='ocrx_word' id='word_1_231' title='bbox 303 2985 332 3032; x_wconf 90' lang='lat' dir='ltr'><strong>in</strong></span> <span class='ocrx_word' id='word_1_232' title='bbox 351 2984 441 3033; x_wconf 85' lang='lat' dir='ltr'><strong>curias</strong></span> <span class='ocrx_word' id='word_1_233' title='bbox 458 2983 481 3030; x_wconf 99' lang='lat' dir='ltr'>A</span> <span class='ocrx_word' id='word_1_234' title='bbox 493 2984 513 3032; x_wconf 82' lang='lat' dir='ltr'>B</span> <span class='ocrx_word' id='word_1_235' title='bbox 525 2985 547 3032; x_wconf 83' lang='lat' dir='ltr'><strong>V</strong></span> <span class='ocrx_word' id='word_1_236' title='bbox 560 2982 569 3049; x_wconf 75' lang='lat' dir='ltr'><strong>ll</strong></span> <span class='ocrx_word' id='word_1_237' title='bbox 588 2986 620 3034; x_wconf 89' lang='lat'><strong>10</strong></span> <span class='ocrx_word' id='word_1_238' title='bbox 637 2985 712 3034; x_wconf 85' lang='lat' dir='ltr'><strong>dieta</strong></span> <span class='ocrx_word' id='word_1_239' title='bbox 729 2997 764 3034; x_wconf 77' lang='lat' dir='ltr'><strong>w:</strong></span> <span class='ocrx_word' id='word_1_240' title='bbox 786 2989 865 3034; x_wconf 86' lang='lat' dir='ltr'><strong>reeta</strong></span> <span class='ocrx_word' id='word_1_241' title='bbox 882 2980 936 3047; x_wconf 75' lang='grc'><strong>1111</strong></span> <span class='ocrx_word' id='word_1_242' title='bbox 954 2984 982 3032; x_wconf 89' lang='grc'><strong>11</strong></span> <span class='ocrx_word' id='word_1_243' title='bbox 1004 2980 1169 3046; x_wconf 76' lang='lat' dir='ltr'><strong>quamlibet3</strong></span> 
     </span>
     <span class='ocr_line' id='line_1_33' title="bbox 200 3049 1171 3130; baseline -0.002 -31"><span class='ocrx_word' id='word_1_244' title='bbox 200 3052 282 3100; x_wconf 79' lang='lat' dir='ltr'><strong>malim</strong></span> <span class='ocrx_word' id='word_1_245' title='bbox 300 3066 363 3100; x_wconf 85' lang='lat' dir='ltr'><strong>nam</strong></span> <span class='ocrx_word' id='word_1_246' title='bbox 380 3051 448 3100; x_wconf 83' lang='lat' dir='ltr'><strong>lieet</strong></span> <span class='ocrx_word' id='word_1_247' title='bbox 476 3049 486 3114; x_wconf 81' lang='grc' dir='ltr'><strong>ΙΙ</strong></span> <span class='ocrx_word' id='word_1_248' title='bbox 517 3052 548 3101; x_wconf 78' lang='lat'><strong>12</strong></span> <span class='ocrx_word' id='word_1_249' title='bbox 566 3066 620 3100; x_wconf 92' lang='lat' dir='ltr'><strong>non</strong></span> <span class='ocrx_word' id='word_1_250' title='bbox 639 3055 699 3102; x_wconf 83' lang='lat' dir='ltr'><strong>odd.</strong></span> <span class='ocrx_word' id='word_1_251' title='bbox 717 3053 857 3116; x_wconf 71' lang='lat' dir='ltr'><strong>Jaeq&#39;erus:</strong></span> <span class='ocrx_word' id='word_1_252' title='bbox 876 3067 922 3101; x_wconf 84' lang='lat' dir='ltr'><strong>om.</strong></span> <span class='ocrx_word' id='word_1_253' title='bbox 940 3052 968 3099; x_wconf 79' lang='grc'><strong>11</strong></span> <span class='ocrx_word' id='word_1_254' title='bbox 984 3051 1080 3130; x_wconf 80' lang='lat' dir='ltr'><strong>ignota</strong></span> <span class='ocrx_word' id='word_1_255' title='bbox 1098 3050 1171 3098; x_wconf 79' lang='lat' dir='ltr'><strong>Liui-</strong></span> 
     </span>
     <span class='ocr_line' id='line_1_34' title="bbox 201 3112 1172 3251; baseline -0.001 -18"><span class='ocrx_word' id='word_1_256' title='bbox 201 3115 301 3250; x_wconf 60' lang='lat' dir='ltr'><strong>aaut</strong></span> <span class='ocrx_word' id='word_1_257' title='bbox 309 3117 550 3251; x_wconf 46' lang='lat' dir='ltr'><strong>‘stillabit</strong></span> <span class='ocrx_word' id='word_1_258' title='bbox 564 3116 1066 3251; x_wconf 47' lang='grc' dir='ltr'><strong>3111111ἐέεέἓίῗιῗεῗὲέὲίωῗῆ</strong></span> <span class='ocrx_word' id='word_1_259' title='bbox 1076 3122 1112 3233; x_wconf 73' lang='lat' dir='ltr'><strong>a</strong></span> <span class='ocrx_word' id='word_1_260' title='bbox 1119 3112 1172 3232; x_wconf 69' lang='lat' dir='ltr'><strong>tl</strong></span> 
     </span>
     <span class='ocr_line' id='line_1_35' title="bbox 202 3250 1171 3319; baseline 0 -20"><span class='ocrx_word' id='word_1_261' title='bbox 202 3250 310 3316; x_wconf 82' lang='lat' dir='ltr'><strong>tinctis]</strong></span> <span class='ocrx_word' id='word_1_262' title='bbox 331 3255 438 3304; x_wconf 84' lang='lat' dir='ltr'><strong>eunetis</strong></span> <span class='ocrx_word' id='word_1_263' title='bbox 450 3255 473 3302; x_wconf 99' lang='lat' dir='ltr'>A</span> <span class='ocrx_word' id='word_1_264' title='bbox 486 3251 495 3318; x_wconf 90' lang='grc' dir='ltr'><strong>ΙΙ</strong></span> <span class='ocrx_word' id='word_1_265' title='bbox 510 3256 540 3303; x_wconf 82' lang='grc'><strong>17</strong></span> <span class='ocrx_word' id='word_1_266' title='bbox 558 3250 598 3319; x_wconf 87' lang='lat' dir='ltr'><strong>es]</strong></span> <span class='ocrx_word' id='word_1_267' title='bbox 614 3250 798 3318; x_wconf 65' lang='lat' dir='ltr'><strong>estAWl18</strong></span> <span class='ocrx_word' id='word_1_268' title='bbox 817 3269 847 3305; x_wconf 84' lang='lat' dir='ltr'><strong>se</strong></span> <span class='ocrx_word' id='word_1_269' title='bbox 862 3269 908 3305; x_wconf 87' lang='lat' dir='ltr'><strong>om.</strong></span> <span class='ocrx_word' id='word_1_270' title='bbox 921 3251 944 3302; x_wconf 88' lang='lat' dir='ltr'>A</span> <span class='ocrx_word' id='word_1_271' title='bbox 956 3250 966 3317; x_wconf 80' lang='grc' dir='ltr'><strong>ΙΙ</strong></span> <span class='ocrx_word' id='word_1_272' title='bbox 981 3256 1011 3303; x_wconf 83' lang='grc'><strong>19</strong></span> <span class='ocrx_word' id='word_1_273' title='bbox 1030 3252 1080 3303; x_wconf 86' lang='lat' dir='ltr'><strong>sed</strong></span> <span class='ocrx_word' id='word_1_274' title='bbox 1097 3251 1171 3301; x_wconf 80' lang='lat' dir='ltr'><strong>edd..-</strong></span> 
     </span>
     <span class='ocr_line' id='line_1_36' title="bbox 202 3317 1172 3386; baseline -0.001 -19"><span class='ocrx_word' id='word_1_275' title='bbox 202 3333 249 3368; x_wconf 89' lang='lat' dir='ltr'><strong>om.</strong></span> <span class='ocrx_word' id='word_1_276' title='bbox 262 3321 290 3367; x_wconf 74' lang='grc' dir='ltr'>Π</span> <span class='ocrx_word' id='word_1_277' title='bbox 301 3320 375 3370; x_wconf 77' lang='lat' dir='ltr'><strong>Bert.</strong></span> <span class='ocrx_word' id='word_1_278' title='bbox 391 3321 396 3386; x_wconf 79' lang='grc' dir='ltr'>Ι</span> <span class='ocrx_word' id='word_1_279' title='bbox 413 3323 512 3371; x_wconf 89' lang='lat' dir='ltr'><strong>etenim</strong></span> <span class='ocrx_word' id='word_1_280' title='bbox 524 3335 550 3370; x_wconf 80' lang='lat' dir='ltr'><strong>w</strong></span> <span class='ocrx_word' id='word_1_281' title='bbox 562 3319 572 3386; x_wconf 80' lang='lat' dir='ltr'>ss</span> <span class='ocrx_word' id='word_1_282' title='bbox 585 3322 618 3371; x_wconf 83' lang='lat'><strong>20</strong></span> <span class='ocrx_word' id='word_1_283' title='bbox 634 3319 779 3386; x_wconf 84' lang='lat' dir='ltr'><strong>uictoriae]</strong></span> <span class='ocrx_word' id='word_1_284' title='bbox 796 3317 898 3372; x_wconf 70' lang='lat' dir='ltr'><strong>uie‘tori</strong></span> <span class='ocrx_word' id='word_1_285' title='bbox 913 3321 996 3370; x_wconf 85' lang='lat' dir='ltr'><strong>etiam</strong></span> <span class='ocrx_word' id='word_1_286' title='bbox 1008 3323 1026 3369; x_wconf 79' lang='lat'><strong>0</strong></span> <span class='ocrx_word' id='word_1_287' title='bbox 1038 3317 1048 3384; x_wconf 77' lang='lat' dir='ltr'><strong>ll</strong></span> <span class='ocrx_word' id='word_1_288' title='bbox 1061 3320 1094 3368; x_wconf 77' lang='lat'><strong>21</strong></span> <span class='ocrx_word' id='word_1_289' title='bbox 1114 3318 1172 3382; x_wconf 87' lang='lat' dir='ltr'><strong>qui·</strong></span> 
     </span>
     <span class='ocr_line' id='line_1_37' title="bbox 203 3385 1171 3454; baseline 0 -20"><span class='ocrx_word' id='word_1_290' title='bbox 203 3385 262 3435; x_wconf 87' lang='lat' dir='ltr'><strong>dem</strong></span> <span class='ocrx_word' id='word_1_291' title='bbox 274 3402 321 3436; x_wconf 89' lang='lat' dir='ltr'><strong>om.</strong></span> <span class='ocrx_word' id='word_1_292' title='bbox 334 3387 357 3435; x_wconf 89' lang='lat' dir='ltr'>A</span> <span class='ocrx_word' id='word_1_293' title='bbox 369 3386 379 3452; x_wconf 81' lang='grc' dir='ltr'><strong>ΙΙ</strong></span> <span class='ocrx_word' id='word_1_294' title='bbox 392 3391 424 3438; x_wconf 77' lang='lat'><strong>22</strong></span> <span class='ocrx_word' id='word_1_295' title='bbox 437 3391 570 3454; x_wconf 77' lang='lat' dir='ltr'><strong>poscebas</strong></span> <span class='ocrx_word' id='word_1_296' title='bbox 582 3389 618 3436; x_wconf 83' lang='lat' dir='ltr'><strong>A:</strong></span> <span class='ocrx_word' id='word_1_297' title='bbox 637 3389 772 3453; x_wconf 82' lang='lat' dir='ltr'><strong>poscebat</strong></span> <span class='ocrx_word' id='word_1_298' title='bbox 783 3391 804 3439; x_wconf 85' lang='lat' dir='ltr'>B</span> <span class='ocrx_word' id='word_1_299' title='bbox 814 3391 904 3439; x_wconf 68' lang='grc' dir='ltr'><strong>ΗΠ</strong></span> <span class='ocrx_word' id='word_1_300' title='bbox 916 3386 926 3453; x_wconf 82' lang='grc' dir='ltr'><strong>ΙΙ</strong></span> <span class='ocrx_word' id='word_1_301' title='bbox 939 3389 973 3438; x_wconf 80' lang='lat'><strong>24</strong></span> <span class='ocrx_word' id='word_1_302' title='bbox 986 3385 1171 3452; x_wconf 81' lang='lat' dir='ltr'><strong>perclusumq.</strong></span> 
     </span>
     <span class='ocr_line' id='line_1_38' title="bbox 202 3450 1171 3523; baseline 0.002 -23"><span class='ocrx_word' id='word_1_303' title='bbox 202 3455 225 3500; x_wconf 93' lang='lat' dir='ltr'>A</span> <span class='ocrx_word' id='word_1_304' title='bbox 237 3450 292 3517; x_wconf 80' lang='grc'><strong>1125</strong></span> <span class='ocrx_word' id='word_1_305' title='bbox 304 3452 351 3520; x_wconf 88' lang='lat' dir='ltr'><strong>ne]</strong></span> <span class='ocrx_word' id='word_1_306' title='bbox 366 3461 395 3505; x_wconf 88' lang='lat' dir='ltr'><strong>to</strong></span> <span class='ocrx_word' id='word_1_307' title='bbox 407 3459 430 3504; x_wconf 90' lang='lat' dir='ltr'>A</span> <span class='ocrx_word' id='word_1_308' title='bbox 442 3454 452 3521; x_wconf 75' lang='grc' dir='ltr'><strong>ΙΙ</strong></span> <span class='ocrx_word' id='word_1_309' title='bbox 464 3459 497 3507; x_wconf 81' lang='lat'><strong>28</strong></span> <span class='ocrx_word' id='word_1_310' title='bbox 515 3457 647 3506; x_wconf 81' lang='lat' dir='ltr'><strong>militauit</strong></span> <span class='ocrx_word' id='word_1_311' title='bbox 659 3454 682 3504; x_wconf 93' lang='lat' dir='ltr'>A</span> <span class='ocrx_word' id='word_1_312' title='bbox 694 3451 705 3520; x_wconf 82' lang='grc' dir='ltr'><strong>ΙΙ</strong></span> <span class='ocrx_word' id='word_1_313' title='bbox 717 3458 750 3506; x_wconf 86' lang='grc'><strong>30</strong></span> <span class='ocrx_word' id='word_1_314' title='bbox 768 3455 923 3523; x_wconf 88' lang='lat' dir='ltr'><strong>pompeiani</strong></span> <span class='ocrx_word' id='word_1_315' title='bbox 940 3455 1025 3506; x_wconf 79' lang='lat' dir='ltr'><strong>theat</strong></span> <span class='ocrx_word' id='word_1_316' title='bbox 1037 3468 1077 3504; x_wconf 80' lang='lat' dir='ltr'><strong>w:</strong></span> <span class='ocrx_word' id='word_1_317' title='bbox 1096 3469 1171 3519; x_wconf 89' lang='lat' dir='ltr'><strong>pom-</strong></span> 
     </span>
     <span class='ocr_line' id='line_1_39' title="bbox 202 3522 1156 3590; baseline -0.002 -19"><span class='ocrx_word' id='word_1_318' title='bbox 202 3522 249 3586; x_wconf 88' lang='lat' dir='ltr'><strong>pei</strong></span> <span class='ocrx_word' id='word_1_319' title='bbox 267 3522 402 3577; x_wconf 84' lang='lat' dir='ltr'><strong>eintheet.</strong></span> <span class='ocrx_word' id='word_1_320' title='bbox 419 3525 439 3572; x_wconf 87' lang='lat' dir='ltr'>B</span> <span class='ocrx_word' id='word_1_321' title='bbox 458 3524 566 3587; x_wconf 84' lang='lat' dir='ltr'><strong>pompei</strong></span> <span class='ocrx_word' id='word_1_322' title='bbox 584 3523 712 3572; x_wconf 78' lang='lat' dir='ltr'><strong>emtheat</strong></span> <span class='ocrx_word' id='word_1_323' title='bbox 730 3524 785 3572; x_wconf 85' lang='lat' dir='ltr'><strong>AV</strong></span> <span class='ocrx_word' id='word_1_324' title='bbox 803 3524 924 3590; x_wconf 88' lang='lat' dir='ltr'><strong>pompeii</strong></span> <span class='ocrx_word' id='word_1_325' title='bbox 940 3522 1118 3587; x_wconf 82' lang='lat' dir='ltr'><strong>amphitheat.</strong></span> <span class='ocrx_word' id='word_1_326' title='bbox 1137 3523 1156 3569; x_wconf 78' lang='grc'><strong>0</strong></span> 
     </span>
    </p>
   </div>
   <div class='ocr_carea' id='block_1_4' title="bbox 0 0 1312 4000">
    <p class='ocr_par' dir='ltr' id='par_1_7' title="bbox 0 0 1312 4000">
     <span class='ocr_line' id='line_1_40' title="bbox 0 0 1312 4000; baseline 0 0"><span class='ocrx_word' id='word_1_327' title='bbox 0 0 1312 4000; x_wconf 95' lang='lat' dir='ltr'><strong> </strong></span> 
     </span>
    </p>
   </div>
  </div>
 </body>
</html>
