2572 3990
225 831 253 903 r.
287 828 329 904 o.
348 749 503 905 rainu
517 830 726 905 onnomu
744 829 955 905 saeuam

194 980 313 1083 ΡΑ
347 980 394 1083 Ν
428 983 469 1083 E
507 983 550 1086 (i
583 985 628 1083 Y
662 984 707 1083 R
740 983 765 1084 Ι
800 982 836 1084 O
870 983 914 1082 U
950 983 982 1086 S

337 1163 535 1229 TRAIANO
558 1163 645 1230 IMP.
671 1163 839 1231 DIOTUS.

163 1502 189 1567 I.
205 1501 294 1566 Bene
307 1523 345 1566 aa
360 1501 530 1585 sapienter,
547 1506 656 1586 patres
673 1502 858 1586 conscripti,
874 1501 1010 1566 maiores
1025 1502 1074 1566 in·
1117 1513 1125 1520 “

104 1587 283 1650 stituerunt
304 1589 341 1650 ut
363 1607 469 1650 rerum
491 1587 696 1668 agendarum
716 1587 763 1650 ita
791 1586 917 1651 dicendi
944 1587 1100 1650 initiuma
1152 1617 1155 1626 ·

106 1693 127 1734 a
149 1670 388 1754 precationibus
411 1691 535 1766 capere,
558 1671 643 1753 quod
664 1669 748 1733 nihil
769 1668 841 1752 rite,
864 1671 948 1734 nihil
969 1672 1075 1754 proui-

104 1755 220 1819 denter
240 1754 386 1818 homines
409 1755 478 1818 sine
501 1755 631 1818 deorum
652 1754 881 1818 immortalium
909 1775 970 1837 ope
1001 1775 1075 1818 oon-

108 1839 180 1904 silio
204 1839 324 1904 honore
347 1839 597 1922 auspioarentur.
627 1839 682 1922 qui
697 1859 766 1902 mos
783 1839 834 1902 oui
855 1839 1074 1922 potiusquam

108 1923 235 1988 consuli
266 1927 320 1986 aut
346 1924 472 2007 quando
498 1923 603 2008 magis
625 1923 828 2007 usurpandus
859 1921 1073 2006 colendusque

107 2011 157 2071 est
178 2029 274 2092 quam
291 2030 363 2072 cum
385 2008 520 2091 imperio
536 2011 674 2091 senatus,
697 2008 887 2072 auctoritate
902 2008 949 2071 rei
970 2006 1112 2090 publi-10

106 2113 164 2156 oae
187 2093 228 2156 ad
252 2091 394 2176 agendas
420 2093 542 2176 optimo
563 2093 702 2176 principi
729 2091 851 2177 gratias
881 2090 1075 2156 excitamur?

107 2176 192 2260 quod
231 2177 317 2240 enim
350 2177 574 2260 praestabilius
608 2181 658 2242 est
690 2177 924 2262 autpnlorius
958 2197 1075 2240 munus

107 2262 239 2326 deorum
266 2283 362 2345 quam
392 2264 497 2325 castus
526 2265 558 2325 et
586 2265 716 2326 sanctus
753 2264 785 2326 et
814 2262 863 2325 dis
893 2261 1075 2325 simillimus

107 2345 280 2430 princeps?
309 2367 347 2410 aa
369 2345 398 2410 si
419 2345 523 2410 adhue
544 2347 676 2410 dubium
697 2346 813 2410 fuisset
833 2346 917 2410 forte
937 2366 1075 2428 casuque

106 2433 246 2494 restores
268 2430 362 2493 terris
378 2452 421 2494 an
435 2430 541 2514 aliquo
556 2431 688 2494 numine
709 2430 872 2511 darentur,
894 2429 1075 2514 prinoipem
1089 2449 1114 2488 ιε»

105 2517 217 2578 tamen
241 2518 388 2578 nostrum
417 2514 554 2598 liqueret
580 2515 736 2580 diuinitus
759 2515 977 2579 oonst'tutum.
1007 2534 1075 2576 non

106 2599 194 2662 euim
228 2599 353 2662 occulta
380 2601 538 2682 potestate
565 2600 705 2664 fatorum
738 2599 794 2664 sed
827 2599 867 2663 ab
900 2598 976 2662 Ioue
1004 2597 1075 2681 ipso

107 2704 216 2747 oorsrn
238 2705 276 2746 ao
297 2683 405 2767 palam
432 2687 577 2767 repertus
605 2689 668 2768 est3
697 2685 816 2748 electus
845 2683 963 2766 quippe
989 2685 1076 2746 inter

107 2789 176 2831 aras
207 2769 239 2830 et
265 2767 377 2832 altaria
404 2767 575 2852 eodemque
603 2769 668 2834 loci
695 2790 789 2851 quem
817 2767 894 2831 deus
925 2767 979 2830 ille
1006 2771 1075 2829 tam
1104 2767 1107 2769 ’

108 2851 298 2915 manifestus
325 2873 362 2916 ao
388 2873 541 2936 praesens
566 2873 661 2935 quam
689 2849 813 2916 eaelum
842 2873 880 2914 ao
902 2850 1006 2914 sidera
1026 2850 1074 2912 in·
1089 2868 1115 2906 a>

109 2935 199 3000 sedit.
236 2957 299 3019 quo
325 2937 429 3021 magis
455 2939 566 3018 aptum
599 2936 749 3019 piumque
779 2937 828 2998 est
855 2939 897 3016 te,
931 2932 1076 3016 Iuppiter

109 3019 238 3102 optime,
268 3023 364 3084 antea
387 3021 594 3101 conditorem,
622 3041 710 3084 nuno
739 3020 996 3083 conseruatorem
1018 3017 1077 3081 im-

109 3105 189 3186 perii
227 3106 332 3170 nostri
359 3105 483 3189 precari
510 3107 546 3168 ut
574 3103 655 3168 mihi
681 3105 781 3188 digna
809 3103 949 3185 consule,
977 3103 1077 3188 digna

111 3191 233 3272 senatu,
267 3189 368 3274 digna
389 3189 535 3273 principe
557 3190 726 3274 contingat
755 3189 858 3253 oratio
884 3191 983 3272 utque
1010 3209 1076 3252 om-

115 3310 311 3321 -—.-.........--

177 3380 192 3428 6
215 3383 348 3444 caperent
371 3391 395 3426 w
418 3376 429 3442 1
453 3379 469 3427 6
491 3377 614 3442 nihilque
637 3393 715 3443 prou.
738 3379 756 3425 t}
780 3374 791 3442 l
816 3378 848 3428 14
865 3378 933 3428 aar
957 3374 968 3442 l
992 3376 1077 3426 1611·

112 3451 177 3507 quot
193 3459 219 3494 w
242 3443 253 3510 1
277 3446 310 3496 18
328 3451 452 3510 repertus
471 3445 577 3504 electus
594 3449 638 3496 est
656 3449 756 3512 quippe
768 3445 804 3508 Π,
822 3461 891 3497 corr.
908 3445 1083 3494 Schwarzius.

114 3507 171 3574 1122
188 3515 290 3578 optima
307 3513 426 3564 maxime
445 3527 469 3578 ς.

157 3602 244 3644 Parrus.
258 3613 313 3644 nar.
909 3599 923 3644 1
