2572 3990
430 209 592 260 rasiano
610 209 644 260 n.
666 210 777 260 ar-ar.
980 275 982 282 ,
1044 207 1085 272 29

117 359 196 424 anni
222 358 318 422 fidem
345 357 493 422 omnibus
522 357 617 420 annis
645 357 854 440 omnibusque
882 361 993 441 postea
1019 379 1085 422 sae·
1142 400 1143 403 =

117 444 199 508 culis
219 446 314 506 tanto
336 442 440 527 magis
463 442 626 525 quianon
648 443 803 527 exigimus
826 445 964 506 excuset.

182 525 334 592 XXXIII.
369 525 454 591 Satis
476 527 684 610 factumqua
706 527 823 590 ciuium
846 548 908 608 qua
927 527 1085 590 sociorum

16 659 17 664 η
111 611 322 676 utilitatibus.
351 611 456 674 uisum
478 615 527 674 est
549 611 764 694 spectaculum
786 610 860 674 inde
883 631 949 674 non
972 633 1085 674 enerne

119 719 180 762 nec
206 695 327 760 fluxum
361 716 420 758 nec
448 695 531 778 quod
563 695 688 758 animos
715 695 858 758 uirorum
887 695 1027 758 molliret
1054 698 1111 758 eta

118 782 296 865 frangeret,
321 779 376 843 sed
398 780 482 863 quod
505 780 544 842 ad
564 779 676 862 pulcra
698 779 832 843 uulnera
854 781 1087 862 contemptum-

117 887 181 963 que
204 865 317 928 mortis
339 863 540 945 accenderet,
570 885 641 927 cum
663 865 698 926 in
721 883 885 927 seruorum
914 863 1010 927 etiam
1032 885 1088 926 no-

16 951 18 992 ῗ
120 969 307 1032 xrorumquc
328 949 514 1032 corporibus
531 969 621 1012 amor
635 947 736 1012 laudis
758 951 790 1012 et
805 948 919 1030 cupido
934 947 1087 1012 uictoriae

121 1039 314 1098 cerneretur.
359 1054 454 1116 quam
486 1031 600 1095 deinde
633 1034 668 1096 in
700 1032 821 1096 edendo
853 1032 1087 1115 liberalitatem,

116 1141 217 1202 quam
252 1117 409 1181 iustitiam
444 1116 588 1180 exhibuit
624 1117 712 1181 omni
748 1117 917 1180 affectione
951 1119 1006 1179 aut
1038 1117 1088 1179 in·
1102 1138 1126 1175 ιο

118 1207 226 1266 tactus
250 1205 307 1265 aut
329 1201 442 1264 maior!
468 1201 675 1283 impetratum
690 1204 738 1264 est
754 1200 838 1283 quod
854 1200 1087 1282 postulabatur,

118 1287 267 1351 oblatum
289 1285 374 1370 quod
395 1305 463 1348 non
485 1283 715 1367 postulabatur.
751 1285 870 1356 institit
892 1285 976 1348 ultro
1000 1290 1032 1348 at
1053 1289 1091 1348 ut

120 1371 420 1453 concupisceremus
443 1369 625 1450 admonuit,
656 1391 693 1432 ac
714 1369 760 1432 sio
783 1389 905 1453 quoque
927 1369 1020 1451 plura
1042 1369 1090 1431 in-

120 1456 264 1538 opinata,
286 1455 380 1537 plura
402 1453 518 1516 subita.
546 1453 609 1516 iam
633 1475 729 1536 quam
752 1453 852 1517 libera
875 1453 1090 1536 spectantium

122 1539 240 1622 studia,
263 1560 358 1622 quam
381 1559 509 1601 securus
530 1537 637 1600 fauor!
659 1537 781 1600 nemini
803 1538 960 1623 impietas,
985 1541 1020 1601 ut
1042 1556 1129 1600 so-15

123 1623 225 1704 lebat,
262 1623 386 1686 obiecta
415 1622 499 1705 quod
527 1621 647 1685 odisset
673 1620 900 1705 gladiatorem:
949 1643 1044 1685 nemo
1074 1644 1091 1686 e

124 1710 305 1792 spectatore
318 1706 536 1788 spectaculum
547 1705 655 1769 factus
670 1707 802 1768 miseras
814 1706 997 1788 uoluptates
1009 1727 1091 1768 unco
1149 1733 1152 1740 ¹

124 1801 157 1857 et
171 1792 302 1876 ignibus
321 1791 473 1872 expiauit.
496 1788 626 1853 demens
641 1789 695 1853 ille
710 1790 840 1871 uerique
855 1788 986 1853 honoris
1001 1789 1091 1872 igna-

123 1898 178 1941 rus
208 1876 263 1960 qui
290 1875 425 1940 crimina
453 1875 628 1938 maiestatis
656 1874 691 1936 in
713 1875 832 1936 harena
860 1872 1033 1956 colligebat
1054 1894 1092 1936 ac

124 1983 158 2025 se
180 1960 302 2042 despici
331 1962 363 2022 et
386 1959 564 2040 contemni,
597 1959 661 2022 nisi
684 1959 780 2021 etiam
802 1957 997 2042 gladiatores
1026 1957 1092 2021 eius
1106 1977 1131 2015 ao

124 2065 366 2124 ueneraremur,
395 2043 456 2107 sibi
478 2043 561 2106 male
583 2042 646 2106 dici
669 2043 703 2106 in
725 2042 805 2125 illis,
834 2063 924 2105 suam
946 2041 1093 2105 diuinita-

125 2133 205 2211 tem,
234 2149 326 2191 suum
353 2149 474 2190 numen
501 2127 616 2190 uiolari
642 2126 927 2210 interpretabatur,
959 2147 1093 2208 cumque

126 2235 160 2278 se
175 2214 261 2277 idem
276 2212 360 2294 quod
377 2212 462 2294 deos,
485 2211 570 2274 idem
587 2211 781 2295 gladiatores
803 2211 885 2293 quod
901 2231 935 2274 se
949 2211 1092 2293 putabat.

189 2295 341 2361 XXXIV.
386 2298 432 2359 At
453 2303 505 2377 tu,
532 2295 658 2374 Caesar,
688 2317 782 2377 quam
804 2295 950 2378 pulcrum
973 2299 1094 2376 specta-

127 2383 235 2446 culum
257 2402 315 2463 pro
337 2380 393 2444 illo
415 2381 508 2444 nobis
536 2379 708 2443 execrabili
728 2378 910 2442 reddidisti!
956 2379 1093 2442 uidimus
1107 2397 1132 2436 aa

126 2467 306 2531 delatorum
317 2464 468 2528 iudicium
481 2465 572 2548 quasi
583 2467 809 2548 grassatorum,
821 2464 910 2546 quasi
922 2463 1093 2528 latronum.

126 2572 193 2614 non
216 2549 422 2614 solitudinem
444 2549 502 2629 illi,
525 2570 592 2612 non
615 2549 686 2630 iter,
712 2549 767 2612 sed
784 2547 949 2631 templum,
973 2547 1027 2611 sed
1047 2547 1095 2612 fc·

126 2657 198 2698 rum
214 2633 415 2697 insederant:
438 2634 528 2697 nulla
544 2634 607 2696 iam
623 2636 816 2697 testamenta
835 2654 954 2710 secura,
976 2632 1095 2695 nullius

128 2723 233 2783 status
263 2722 385 2782 certus:
429 2739 495 2781 non
523 2718 658 2800 orbitas,
697 2739 765 2782 non
793 2717 886 2780 liberi
914 2716 1095 2798 proderant.

128 2806 261 2866 auxerat
282 2801 342 2866 hoc
364 2802 484 2865 malum
508 2803 626 2885 partim
648 2802 783 2865 auaritia
810 2803 827 2838 ’¹‘
847 2801 902 2839 Η
931 2800 1097 2863 aduertisti
1110 2819 1135 2858 ac

129 2889 237 2951 oculos
266 2891 360 2968 atque
388 2891 425 2950 ut
447 2890 523 2949 anta
551 2887 664 2950 castris
692 2886 737 2948 ita
760 2888 872 2967 postea
894 2905 1006 2966 pacem
1028 2885 1098 2947 foro

130 2971 316 3034 reddidisti:
352 2970 499 3034 excidisti
532 2969 720 3033 intestinum
751 2968 870 3031 malum
904 2972 937 3030 et
964 2969 1099 3049 prouida

198 3197 214 3244 3
228 3207 282 3256 qua
295 3205 348 3241 soc.
362 3218 395 3226 -
409 3207 507 3242 encrue
520 3193 612 3252 oruw,
625 3193 685 3242 add.
696 3201 722 3240 w
732 3206 811 3254 mnrp.
824 3188 834 3254 [Ι
847 3191 862 3240 5
875 3205 925 3240 nec
938 3195 983 3243 alt.
997 3207 1043 3240 om.
1056 3193 1097 3252 W,

132 3263 191 3310 odd.
204 3277 236 3311 m.
249 3276 302 3310 rec.
315 3256 325 3323 ΙΙ
340 3262 367 3308 11
383 3262 455 3322 quod
468 3276 514 3310 om.
527 3261 548 3308 B
558 3261 580 3306 V
592 3257 602 3324 ΙΙ
616 3262 648 3310 13
662 3259 685 3309 si
698 3273 804 3324 quoque
818 3258 850 3306 W
862 3272 887 3306 m
900 3255 909 3322 ΙΙ
923 3261 954 3308 16
967 3273 981 3307 e
994 3263 1099 3322 speeta-

132 3333 189 3376 tore
202 3327 387 3392 spectaculum
394 3328 539 3376 Liuineius:
553 3332 711 3390 expectator
722 3326 927 3390 expectaculum
937 3327 964 3374 n
974 3331 1002 3376 et
1012 3334 1098 3390 spect.

133 3401 159 3443 at
171 3399 256 3460 spect.
267 3408 291 3442 w
304 3391 314 3458 ll
329 3396 359 3444 19
371 3393 477 3444 harena
488 3410 515 3458 ςε
529 3395 581 3444 bac
592 3410 622 3444 re
634 3394 743 3442 nthr
755 3395 819 3443 hare
832 3407 877 3442 mr
889 3391 898 3458 ΙΙ
912 3396 943 3443 26
956 3390 1098 3457 iudicium]

133 3461 275 3512 inductum
287 3462 320 3510 W
331 3459 341 3525 ΙΙ
354 3465 386 3511 27
405 3477 459 3511 non
478 3463 532 3512 iter
552 3463 642 3525 Curta:
660 3463 768 3512 nouiter
785 3459 880 3526 Μ1128
899 3461 1002 3510 nullius
1020 3464 1099 3510 idem:

134 3529 224 3580 nullus
242 3533 270 3578 R
282 3528 292 3595 ΙΙ
305 3532 337 3579 30
356 3525 468 3596 partim]
488 3529 640 3594 principum
658 3532 716 3582 edd.
722 3549 732 3587 ,·
752 3533 866 3579 lucanum
883 3531 969 3594 sipnif.
990 3529 1099 3578 Kailios.
1189 3530 1192 3536 '
