2572 3990
497 235 714 288 PRAEFATIO.
1054 237 1095 288 XI
1199 285 1201 288 .

124 390 339 468 prouenerint,
369 389 461 449 iidem
483 391 608 449 omnino
633 390 778 470 denegat.
823 409 914 469 quem
935 399 1039 450 tamen
1061 390 1094 450 id

124 476 226 553 ipsum
248 471 331 552 quod
346 473 565 552 supplementa
585 474 667 534 illius
690 478 723 535 in
739 495 811 554 pan.
826 474 972 536 Il-XII
985 485 1095 555 postea

124 577 143 615 a
165 558 310 618 Liuineio
333 577 391 636 ope
414 556 485 617 libri
501 558 707 618 Bertiniensis
729 560 907 639 saepissime
928 568 1000 619 sunt
1022 580 1094 619 con·

123 643 243 701 firmata
276 662 294 700 a
321 641 377 701 tali
408 643 530 702 iudicio
559 641 666 703 debuit
693 642 861 704 deterrere.
910 663 1095 722 quamquam

124 745 200 786 sane
223 727 325 786 fateor
347 725 432 785 aliud
455 745 522 787 esse
544 729 578 786 in
599 729 779 788 uniuersum
802 726 985 804 concedere,
1009 728 1094 787 aliud

124 813 158 871 in
186 810 317 889 singulis
344 810 420 870 locis
455 829 577 889 semper
605 813 681 891 quid
711 811 919 892 Cuspinianus
954 830 993 871 ex
1023 831 1094 871 con-

124 895 242 954 iectura
273 894 349 974 qnid
377 915 416 954 ex
443 893 529 954 libris
558 897 696 974 posuerit
729 904 812 956 certo
841 895 1026 972 diiudicare3
1061 895 1096 956 id

124 978 208 1058 quod
231 999 288 1058 ego
312 982 380 1058 ipse
401 980 435 1039 iu
450 979 547 1039 Plinii
568 981 709 1041 oratione
731 978 931 1054 recensenda,
955 979 1095 1040 nondum

123 1064 203 1124 libro
220 1065 335 1142 optimo
351 1061 378 1123 A
393 1063 527 1137 adiutus,
543 1065 723 1143 plenissime
737 1084 805 1125 sum
820 1073 974 1144 expertus,
991 1063 1095 1144 qnam·

123 1149 173 1208 uis
194 1147 256 1207 iam
270 1157 335 1207 tum
356 1149 432 1209 satis
454 1148 530 1208 mihi
552 1157 707 1210 constaret
723 1148 913 1229 cuspiniano
938 1150 1095 1228 egregium

124 1233 259 1311 aliquem
272 1232 409 1293 codicem
420 1232 554 1294 affuisse.
574 1232 665 1294 huius
676 1242 778 1294 autem
788 1234 974 1294 simillimum
983 1232 1096 1292 librum

123 1317 264 1396 possedit
291 1317 426 1378 Ioannes
454 1316 628 1377 Scheiieru's
663 1320 793 1398 eiusque
827 1319 861 1378 in
895 1319 1009 1397 optima
1039 1336 1095 1376 sua

124 1402 289 1461 Pacatiani
309 1403 492 1482 panegyrici
514 1400 652 1463 editione
676 1400 787 1480 (altera
801 1401 949 1482 Upsaliae
967 1423 995 1463 a.
1012 1402 1094 1461 1668

125 1487 238 1546 emissa
256 1482 339 1561 utor)
362 1487 556 1566 saepiuscule
577 1488 766 1548 mentionem
782 1488 898 1548 iniecit.
925 1488 1009 1547 cuius
1024 1485 1096 1545 libri

124 1571 347 1650 praestantiam
372 1571 524 1649 simulque
555 1571 617 1630 mei
644 1579 811 1651 apparatus
842 1571 940 1632 critici
968 1570 1096 1630 infidam

124 1663 269 1714 naturam
284 1674 353 1713 cum
367 1654 536 1733 aliquando
553 1655 668 1714 otiosus
682 1675 801 1716 mecum
814 1663 999 1734 reputarem,
1016 1655 1096 1714 forte

124 1740 299 1818 suspicatus
321 1758 389 1798 sum
402 1769 442 1780 ·-
458 1756 560 1816 paene
583 1747 686 1798 eutem
704 1740 778 1798 mihi
799 1739 867 1818 ipse
882 1739 999 1798 irascor
1013 1739 1096 1816 quod

125 1831 188 1884 tam
217 1822 301 1882 bona
328 1822 461 1902 suspicio
490 1830 552 1881 tam
579 1841 647 1882 sero
677 1824 710 1882 in
738 1831 872 1883 mentem
898 1823 1001 1896 uenit3
1035 1822 1095 1881 iarn

126 1909 209 1967 enim
234 1906 382 1966 Pliniana
413 1906 510 1966 oratio
543 1905 705 1968 exercebat
736 1907 823 1987 prela
850 1935 892 1948 -
922 1905 1095 1985 suspicatus

125 2012 201 2065 sum,
221 1992 357 2070 inquam,
375 1989 524 2051 Schefferi
538 1991 625 2052 illum
641 1991 779 2052 codicem
794 1992 926 2052 fortasse
936 1990 1094 2070 Upsaliae,

124 2075 180 2136 ubi
192 2075 247 2136 ille
264 2075 345 2137 diem
361 2095 537 2155 supremum
553 2074 672 2144 obierit,
696 2076 797 2137 adhuc
813 2076 976 2136 casemari.
1004 2075 1095 2135 facile

127 2160 245 2222 adduxi
259 2158 298 2220 Α.
314 2160 468 2220 Klettium
482 2168 517 2219 ut
532 2179 569 2220 ea
585 2160 625 2219 de
639 2180 674 2221 re
688 2161 848 2241 Upsaliam
861 2160 981 2219 litterae
998 2159 1095 2220 daret.

125 2263 198 2306 mox
211 2263 360 2324 responso
377 2251 505 2324 accepto
521 2264 569 2306 me
585 2247 780 2306 coniecturae
796 2264 860 2304 non
875 2244 986 2304 falsum
1000 2243 1096 2304 fuisse

127 2330 239 2390 certior
260 2327 310 2389 fio.
338 2336 402 2388 tum
424 2348 498 2389 uero
522 2329 662 2390 eiusdem
675 2329 790 2389 Klettii
809 2328 963 2389 industria
985 2346 1021 2386 ac
1042 2347 1096 2388 na-

125 2413 222 2472 uitate
245 2421 276 2473 et
294 2411 508 2474 intercedente
531 2432 648 2474 summo
670 2415 793 2493 imperii
808 2411 985 2474 Germanici
1003 2413 1097 2490 magi-

125 2505 225 2558 stratu
241 2498 356 2557 factum
372 2505 477 2571 estut,
493 2506 656 2578 postquam
667 2507 812 2577 quattuor
826 2497 892 2559 fere
903 2515 960 2576 per
974 2515 1096 2556 menses

125 2583 209 2642 inter
234 2601 322 2662 spem
349 2590 526 2661 metumque
551 2583 663 2644 dubius
685 2583 786 2656 haesi,
814 2583 876 2642 fine
904 2581 1018 2642 mensis
1038 2580 1096 2640 Fe·

126 2667 242 2726 bruarii
264 2667 294 2726 h.
318 2685 346 2726 a.
374 2666 473 2726 codex
501 2667 654 2728 diuturnis
681 2668 761 2727 uotis
791 2667 946 2746 expetitus
969 2665 1097 2726 tandem

126 2753 161 2811 in
182 2771 292 2812 manus
314 2769 400 2810 meas
422 2753 553 2812 ueniret.

192 2835 341 2896 Continet
368 2843 470 2895 eutem
496 2835 547 2895 hie
572 2835 666 2907 liber,
700 2836 751 2915 qui
779 2854 808 2895 a.
832 2835 913 2894 1719
940 2841 1010 2912 post
1030 2833 1097 2894 Ioa.

127 2915 279 2980 Scheiieri
311 2928 439 2978 mortem
467 2920 499 2978 in
528 2921 739 2979 uniuersitatis
761 2918 958 2996 Upsaliensis
987 2916 1096 2976 biblio-

126 3003 248 3065 thecam
275 3004 420 3082 peruenit
449 3002 553 3080 ibique
581 3001 638 3062 sub
666 3004 824 3080 signatura
851 2999 928 3060 ‘Sca
950 3000 1020 3065 Lat,
1047 3003 1097 3060 18’

127 3097 318 3161 asseruntur,
349 3109 368 3148 a
389 3107 438 3148 me
462 3096 536 3148 uota
558 3086 585 3148 A
606 3087 787 3166 insignitus,
816 3085 902 3146 uaria
931 3104 1028 3165 eaque
1053 3086 1096 3146 di-

126 3191 217 3232 uerso
232 3181 371 3252 tempore
390 3173 553 3234 maximam
567 3170 723 3252 partem*)
744 3191 838 3232 manu
851 3170 981 3232 Ioannis
997 3171 1096 3230 cuius·

177 3387 202 3451 *l
222 3389 257 3438 ab
270 3388 361 3440 altera
373 3404 456 3440 manu
470 3405 558 3454 eaque
570 3391 659 3456 magis
672 3390 819 3455 perspicua
835 3392 864 3438 et
876 3386 964 3438 nitida
978 3389 1097 3452 scriptae

127 3460 193 3505 sunt
211 3471 256 3521 pp.
274 3459 307 3508 52
325 3457 393 3520 (hoc
412 3461 468 3519 est,
491 3473 516 3506 a.
536 3472 599 3522 pan.
617 3457 631 3506 l
650 3473 673 3507 o.
692 3457 725 3506 65
748 3455 838 3506 uerbis
857 3455 920 3506 ‘sed
940 3455 1043 3505 uirtute
1063 3469 1097 3504 ao

126 3521 259 3589 maritis)
275 3551 309 3561 —
328 3525 402 3578 120⁸.
