2578 4000
11 301 13 328 l

300 194 555 248 consulumuo
573 193 744 248 nucusuo
762 197 797 248 n.
815 200 890 248 a-a.
1018 196 1081 261 215

175 343 236 408 III.
269 342 358 426 Quis,
381 365 448 427 oro,
471 341 682 409 Constantine
704 345 841 417 maxime
863 347 1082 429 (praesentem

111 431 200 494 enim
225 427 306 492 mihi
333 428 453 512 alloqui
474 427 586 493 uideor
607 429 676 512 qui,
706 430 767 492 etsi
794 433 970 513 conspectu
995 431 1082 513 abes,

112 513 225 578 reuelli
252 514 361 576 tamen
388 512 549 578 mentibus
575 534 642 576 non
669 515 791 611 potes),
825 513 910 596 quis,
941 515 1082 599 inquam,

10 649 11 654 1
112 598 256 682 aspirare
279 597 388 660 laudes
408 600 481 660 tuas
510 596 626 661 audeat
648 598 875 681 aequ1parandi
899 599 1003 683 magis
1026 621 1082 746 spe

113 704 210 766 quam
237 682 344 766 gratia
371 702 439 745 non
466 681 616 745 tacendi?
660 682 731 765 quis
752 684 819 746 tam
844 684 958 765 potens
980 683 1037 747 fan
1059 683 1109 766 i,a

113 769 203 832 cuius
232 765 324 850 copia
345 767 413 828 tam
434 765 525 850 larga
545 768 674 848 tamque
695 765 774 830 felix
796 788 892 850 quae,
927 788 999 832 cum
1021 767 1083 832 uir·

112 854 200 914 tutes
214 853 287 913 tuas
306 849 535 932 attrectauerit‚
557 871 624 914 non
646 852 702 914 aut
715 851 933 916 circumuenta
951 872 1084 916 numero

112 935 283 1020 desperato
306 935 393 997 exitu
414 937 543 1017 stupeat
564 937 658 1018 atque
679 936 805 1000 obterat
825 936 1084 1020 magnitudinem

114 1023 172 1084 aut
208 1018 377 1101 splendore
416 1018 615 1098 obsolefacta
651 1022 779 1084 tantum
814 1020 929 1084 nitoris
966 1020 1086 1084 habeat

113 1106 269 1188 quantum
291 1124 330 1166 ex
345 1123 451 1166 rerum
464 1103 536 1167 luce
559 1104 747 1188 collegerit?
771 1104 859 1168 cuius
882 1126 955 1169 cum
974 1104 1085 1169 diuina
1098 1124 1123 1166 ro

114 1188 219 1252 uirtus
241 1187 357 1250 eteius
378 1187 595 1252 misericordia
616 1208 721 1252 comes
744 1188 968 1272 appendixque
985 1189 1085 1253 uicto·

114 1274 163 1336 ria
184 1271 297 1336 urbem
311 1271 446 1336 Romam
467 1293 535 1335 non
548 1273 817 1355 praecipitantem
834 1273 1005 1356 exceperit,
1029 1273 1086 1336 sed

115 1355 272 1420 afflictam
286 1376 323 1420 ac
337 1356 434 1439 plane
450 1357 608 1419 iacentem
624 1355 771 1420 excitarit
782 1357 936 1420 recrearit
949 1356 1096 1422 erexerit.

116 1461 251 1524 cumque
274 1439 357 1503 aliae
379 1439 583 1504 felicissimae
597 1443 672 1503 tuae
694 1439 782 1522 prius
804 1460 842 1503 ac
861 1439 1011 1523 deinceps
1034 1461 1086 1504 ex-

115 1524 295 1609 peditiones
323 1543 391 1588 uon
412 1524 519 1588 minus
545 1524 581 1587 in
604 1545 672 1588 sese
695 1524 801 1607 operis
830 1524 995 1607 amplexae
1020 1525 1087 1587 sint
1100 1541 1124 1584 rs

116 1631 213 1777 qppp
246 1629 284 1672 ex
316 1608 396 1705 ipsis
427 1608 576 1705 faucibus
605 1608 667 1671 fati
694 1607 799 1705 ltoma
829 1611 972 1705 seruata:
1010 1608 1086 1691 quid

116 1692 1088 1860 1„circumtruncatasutlirul:

7 1929 9 1948 Ι
117 1883 225 1925 rarum
249 1861 326 1924 orbe
347 1860 535 1944 primarium
558 1860 631 1925 est?
666 1860 941 1925 nobilissimorum
962 1881 1087 1944 quoque

118 1945 291 2012 Caesarum
313 1944 424 2009 laudes
447 1944 558 2028 exequi
575 1944 658 2009 uelle
681 1943 822 2009 studium
844 1945 971 2029 quidem
985 1943 1086 2027 dulce,
1100 1964 1125 2006 ao

118 2030 175 2094 sed
204 2033 236 2094 et
263 2051 338 2094 cura
369 2051 437 2094 non
464 2029 633 2094 mediocris
663 2032 727 2110 est,
765 2050 898 2112 quorum
931 2029 967 2093 in
994 2029 1088 2092 annis

118 2114 368 2198 pubescentibus
388 2136 456 2178 non
471 2117 640 2198 erupturae
655 2114 784 2178 uirtutis
799 2117 927 2178 tumens
942 2133 1087 2198 germen,

118 2220 185 2263 non
206 2199 265 2264 flos
286 2219 473 2281 praecursor
497 2198 615 2262 indolis
636 2199 739 2262 bonae
761 2199 873 2263 laetior
895 2219 991 2282 quam
1012 2198 1088 2262 ube·

118 2283 186 2348 rior
208 2284 352 2367 apparet,
371 2283 431 2358 ¹sed
445 2283 510 2347 iam
526 2283 613 2347 facta
626 2282 791 2366 granifera
813 2285 846 2346 et
861 2285 973 2347 contra
990 2281 1088 2346 ratio-

119 2389 194 2432 nem
215 2367 328 2431 aetatis
346 2367 557 2430 maximorum
572 2386 769 2449 quorumque
783 2366 948 2430 fructuum
961 2368 1089 2430 matura
1101 2382 1126 2425 as

119 2452 293 2536 perceptio.
337 2471 478 2533 quorum,
508 2450 588 2514 alter
624 2450 688 2515 iam
725 2449 907 2514 obterendis
943 2449 1088 2515 hostibus

121 2536 231 2619 grauis
266 2537 421 2599 terrorem
456 2538 645 2618 paternum,
685 2554 748 2618 quo
784 2556 909 2618 semper
941 2534 1091 2599 barbaria

120 2621 225 2684 omnis
260 2619 443 2702 intremuit,
486 2619 629 2683 deriuare
666 2619 707 2682 ad
738 2640 856 2683 nomen
890 2640 983 2683 suum
1020 2639 1090 2683 coe-

119 2705 186 2789 pit3
223 2704 305 2768 alter
332 2702 397 2767 iam
426 2704 641 2786 consulatum,
670 2704 736 2766 iam
762 2704 1003 2768 uenerationem
1031 2703 1091 2785 sui,

120 2875 322 2885 ,ae-——a-

189 2975 207 3024 4
225 2967 340 3039 audeat]
360 2971 456 3022 ualeat
473 2973 532 3022 edd.
551 2970 593 3037 116
611 2977 699 3037 tcmq3
718 2988 777 3038 epo:
797 2978 852 3023 tam
871 2970 924 3036 llll
941 2974 956 3022 7
975 2977 1038 3022 tuas
1055 2972 1092 3021 A:

119 3059 170 3094 om.
189 3041 325 3102 BOVW,
347 3041 396 3090 aed
409 3048 470 3104 post
489 3043 600 3094 attrect.
618 3053 643 3088 w
661 3042 736 3090 addit
761 3038 766 3102 Ι
794 3044 944 3090 attractau.
963 3041 983 3089 B
1002 3040 1019 3088 0
1036 3041 1059 3088 V
1083 3036 1093 3105 ΙΙ

122 3113 139 3162 8
157 3117 217 3174 atq;
236 3124 299 3174 epo:
319 3112 368 3157 aut
384 3109 413 3156 Π
430 3107 434 3170 Ι
453 3110 596 3158 obteratur
613 3107 802 3172 magnitudine
820 3120 853 3167 w,
871 3108 930 3158 edd.
951 3104 963 3173 ΙΙ
984 3108 1014 3156 11
1034 3108 1093 3157 eius

122 3178 178 3228 mia
197 3191 288 3227 comes
306 3177 378 3228 Bert.
399 3173 409 3239 l
434 3177 466 3225 15
485 3176 540 3225 sint
557 3177 714 3246 cddsdsunt
731 3176 759 3222 lt
782 3173 792 3238 ΙΙ
817 3177 848 3224 17
868 3176 1026 3239 excogitare
1044 3174 1067 3223 Α
1084 3170 1094 3240 ll

122 3247 155 3295 21
181 3248 209 3294 et
233 3259 300 3294 cura
324 3259 380 3294 non
398 3243 619 3304 Eyssenhardtua:
647 3258 703 3293 non
725 3248 753 3292 at
776 3257 843 3291 cura
864 3244 893 3290 Ι
925 3239 935 3306 ΙΙ
969 3244 1003 3292 23
1024 3243 1095 3295 uber

123 3328 187 3377 app.
205 3313 239 3359 W
262 3309 273 3378 ΙΙ
297 3314 330 3361 24
348 3310 511 3376 grandifera
527 3311 568 3373 n,
587 3326 657 3362 corr.
676 3309 810 3360 Acidaliae
832 3306 843 3374 ss
866 3310 899 3360 25
916 3310 1094 3361 maximorum

122 3394 292 3445 quorumque
311 3393 372 3442 epo:
398 3379 629 3443 maximorumque
647 3380 675 3425 ll
696 3377 874 3427 maximorum
895 3392 1004 3441 quoque
1025 3378 1094 3426 tioi-

123 3449 196 3498 ποίας
213 3446 391 3496 maximorum
410 3446 618 3511 Epaaenlcrdma
641 3442 652 3510 l
681 3447 713 3496 26
731 3442 797 3510 iam]
815 3460 871 3496 uon
888 3446 911 3492 A
936 3442 946 3509 ΙΙ
976 3446 1009 3495 27
1028 3441 1093 3510 quo]

123 3529 205 3579 quam
224 3527 249 3562 w
272 3511 282 3578 ΙΙ
306 3516 338 3565 28
357 3513 469 3565 deuiara
487 3515 521 3561 W
