2586 3996
177 162 252 234 ,284
511 163 572 214 an.
603 159 736 212 aueum
753 161 834 214 run.

189 313 362 378 conuiuiis:
398 333 505 376 nonne
534 311 742 396 cognocimus
771 310 935 374 cuiusdam
959 313 1045 375 retro
1066 311 1161 394 prin-

189 399 269 481 cipis
292 419 357 461 non
379 397 523 480 prandia,
547 396 602 461 sed
621 395 743 460 fercula
765 417 860 478 saepe
882 396 1063 460 sestertium
1085 396 1160 459 mil-

188 483 245 546 lies
268 481 724 579 aestimatapatrimoniorum
750 481 944 562 equestrium
964 480 1069 564 pretia
1091 485 1160 544 tra-
1267 512 1269 525 ι

188 565 295 630 risse?
331 569 421 650 tuae,
444 569 633 649 imperator,
656 563 768 647 epulae
790 565 910 628 mensis
934 565 1159 630 communibus

163 648 1160 799 “111111111111111111111111111111111

191 819 295 884 cultus
323 819 456 886 inoleuit
484 822 517 883 et
538 818 773 902 quiescentibus
798 756 919 902 lbgum’
934 757 1031 882 diinis
1058 819 1161 882 subiit

190 926 346 988 quemque
368 903 521 987 priuatim
543 903 592 967 sui
614 903 822 987 poenitentia.
853 903 899 966 sic
921 906 971 966 est
993 903 1087 986 enim,
1111 903 1160 968 sic

190 993 254 1052 est:
288 991 456 1070 exasperet
477 987 622 1051 homines
644 988 801 1070 imperata
823 988 993 1070 correctio,
1015 987 1160 1051 blandis-

151 1091 177 1130 1⁰
190 1073 268 1136 sime
290 1071 418 1135 iubetur
443 1072 598 1154 exemplo.

253 1155 324 1222 XV.
370 1154 431 1220 Sed
461 1177 532 1220 cum
554 1155 633 1219 haec
661 1158 693 1220 et
720 1154 869 1219 adhunc
896 1156 1025 1220 modum
1053 1157 1161 1220 cetera

190 1262 294 1305 mores
323 1240 489 1306 hominum
523 1243 557 1304 et
584 1240 732 1304 instituta
759 1239 945 1322 formarint,
981 1243 1049 1304 tum
1076 1239 1161 1304 nihil

190 1325 376 1390 abdicandis
398 1324 486 1388 uitiis
512 1324 765 1409 adoptandisque
790 1324 961 1388 uirtutibus
983 1325 1160 1408 impensius

192 1411 294 1475 sentio
317 1411 475 1494 profuisse
503 1431 599 1494 quam
621 1409 705 1492 qnod
726 1407 777 1474 his
800 1411 832 1472 te
853 1409 931 1473 uiris
960 1429 1085 1492 semper
1107 1408 1160 1473 de·

153 1494 267 1558 redisti
289 1516 368 1578 quos
396 1495 546 1558 affectare
568 1494 696 1578 publica
725 1493 854 1558 deberet
876 1493 1014 1557 imitatio
1042 1494 1163 1590 quique

191 1600 284 1662 quam
312 1579 424 1643 faciles
451 1579 511 1642 tibi
538 1578 676 1642 fuissent
708 1576 881 1664 [sequaces]
916 1578 1064 1662 discipuh
1090 1581 1162 1641 tam

192 1665 305 1743 ceteris
327 1664 497 1747 expetendi
526 1666 634 1727 essent
655 1663 812 1746 magistri.
857 1666 894 1725 ut
915 1662 953 1726 de
976 1662 1025 1726 his
1048 1662 1163 1726 sileam

191 1769 270 1831 quos
291 1747 352 1812 tibi
379 1749 501 1830 primus
528 1746 583 1811 ille
610 1747 772 1811 nascentis
799 1747 926 1830 imperii
948 1747 1015 1810 dies
1043 1746 1164 1811 obtulit

191 1833 293 1896 tantis
315 1833 487 1896 uirtutibus
503 1831 667 1916 praeditos
690 1835 813 1895 utnon
835 1853 893 1915 pro
917 1833 1008 1915 copia
1029 1832 1162 1914 sumpti,

154 1937 181 1976 ao
194 1917 249 1980 sed
272 1939 310 1980 ex
333 1917 425 2000 copia
446 1916 632 1981 uiderentur
653 1916 773 2000 optati:
796 1937 875 1999 quos
897 1919 933 1979 tu
953 1918 1063 2000 postea
1084 1937 1162 1998 qua·

192 2001 301 2084 lesque
317 2000 425 2086 legisti
446 2001 560 2084 quibus
575 2001 814 2084 prouinciarum
834 2000 1021 2078 custodiam,
1045 2000 1181 2082 quibus

191 2085 340 2148 militaris
374 2085 420 2148 rei
448 2105 620 2166 summam,
655 2083 769 2166 quibus
800 2085 1006 2149 consiliorum
1033 2091 1164 2148 tuorum

193 2189 310 2230 arcana
337 2168 575 2232 committeres?
619 2188 697 2253 ergo
728 2189 800 2232 cum
829 2168 946 2253 duplex
972 2167 1071 2232 fuerit
1099 2169 1164 2233 iste

193 2251 342 2335 dilectus,
372 2274 454 2317 unus
483 2274 521 2316 ex
549 2252 682 2336 iudicio,
715 2253 795 2317 alter
823 2275 862 2318 ex
889 2253 971 2336 fato,
1000 2254 1164 2318 incertum

155 2354 180 2395 cs
193 2336 341 2402 meliores
366 2338 453 2402 uiros
476 2337 636 2420 sapientia
657 2341 712 2402 tua
741 2360 783 2402 an
803 2337 933 2402 fortuna
955 2337 1162 2422 quaesiuerit,

193 2442 266 2485 cum
282 2422 363 2485 tales
386 2423 445 2486 uel
460 2425 608 2505 acceptos
623 2421 741 2486 habeas
763 2423 816 2486 uel
837 2425 979 2506 repertus
1001 2427 1037 2486 ut
1059 2426 1093 2486 et
1114 2422 1164 2486 illi

193 2506 369 2568 meruerint
390 2506 494 2570 teneri
516 2514 549 2569 et
570 2507 625 2570 isti
648 2506 816 2570 debuerint
839 2508 989 2590 cooptari.
1272 2549 1273 2590 3

256 2588 346 2653 XVI.
373 2589 492 2673 Ecquis
513 2591 743 2674 imperatorum
765 2611 915 2674 umquam
934 2591 1061 2674 putauit
1084 2590 1165 2654 ami·
1272 2603 1273 2656 l

194 2673 289 2738 citiae
323 2674 442 2738 cultum
477 2675 512 2738 in
538 2675 629 2760 regia
657 2675 749 2740 laude
776 2675 986 2760 ponendum?
1030 2675 1164 2738 humilis

155 2759 274 2822 achaeo
307 2761 409 2822 uirtus
438 2759 632 2844 dubiumque
667 2782 707 2824 an
738 2761 840 2824 uirtus
870 2759 1069 2826 indicabatur
1103 2781 1165 2824 nec

261 3017 276 3064 2
295 3029 379 3079 saepe
398 3015 447 3064 sed
465 3014 570 3065 fercula
588 3017 623 3078 1,
644 3017 792 3080 transposui
810 3015 815 3079 Ι
835 3015 915 3066 miles
933 3017 953 3065 B
972 3017 993 3064 V
1017 3013 1027 3080 ΙΙ
1050 3017 1163 3066 41111111-

194 3081 305 3132 sibuse
334 3080 344 3148 ΙΙ
373 3083 389 3132 8
412 3083 550 3145 priuatum
568 3095 593 3132 w
622 3080 632 3148 ss
662 3085 786 3134 saedere
804 3084 864 3134 mihi
880 3085 971 3134 uideor
988 3083 1073 3133 nescio
1092 3083 1167 3132 euius

191 3155 286 3212 poetae
311 3149 408 3200 iambos
431 3151 490 3200 toa:
526 3151 663 3201 correctio
689 3151 814 3202 homines
840 3152 975 3216 imperata
1001 3153 1166 3214 exasperat;

194 3215 375 3266 blandissime
394 3217 504 3266 iubetur
525 3219 650 3283 exemplo
667 3219 713 3282 pio
743 3215 754 3283 ΙΙ
784 3219 816 3268 15
839 3219 954 3268 deberet
971 3217 1082 3284 publica
1101 3215 1136 3264 W
1161 3215 1164 3282 l

195 3284 295 3346 quique
313 3283 405 3335 Bere:
424 3285 471 3348 qui
487 3287 515 3332 1
539 3283 549 3350 ΙΙ
575 3287 606 3335 16
624 3300 759 3350 sequaces
777 3287 828 3336 del.
847 3285 987 3336 Boethius:
1014 3299 1168 3348 sequaces·

195 3364 246 3414 que
265 3350 341 3412 Gusp.
371 3348 381 3414 ΙΙ
411 3355 444 3402 20
466 3367 535 3416 quos
552 3355 626 3403 edd:
654 3358 722 3416 quot
738 3354 765 3402 11
783 3353 859 3403 Bert.
890 3351 900 3418 ΙΙ
930 3355 962 3403 tt
983 3352 1055 3402 tueri
1073 3359 1100 3402 et
1119 3367 1167 3402 co-

194 3417 326 3535 apcparid
355 3414 365 3480 ΙΙ
394 3420 637 3535 tsslepqulq·edd..·
663 3435 712 3470 nec
730 3421 792 3485 quie
809 3422 836 3470 11
864 3419 875 3485 ΙΙ
905 3423 938 3471 29
961 3419 1105 3470 humilium
1123 3421 1170 3484 W,

193 3499 221 3534 se
257 3501 283 3534 m
300 3500 429 3550 mar9.:a
480 3501 570 3538 umus
