2578 4000
293 221 544 274 CONSTANTINO
562 221 732 274 AUGUSTO
752 225 785 274 D.
807 227 915 274 11-14.
1024 223 1087 288 223

120 391 197 434 uero
222 371 556 435 commendabiliorem
578 373 694 435 iniuria
713 376 770 436 tua
791 372 890 437 faciet
915 376 1089 439 amentiam

121 457 203 519 eius:
248 455 372 519 auidius
406 459 557 538 expetent
588 477 683 540 quern
717 457 843 540 pictura
874 479 940 521 non
973 458 1086 523 reddit.

118 539 329 623 flagrantiora
351 543 427 604 sunt
449 540 630 604 animorum
645 541 811 625 desideria,
835 563 907 606 oum
924 542 1089 606 oculorum

119 624 235 688 solatia
280 623 474 688 erdiderunt.

182 707 231 772 XI
266 757 273 772 .
296 707 387 773 Nihil
397 709 542 791 profecto
553 710 696 792 grauius,
712 710 794 774 nihil
806 712 962 792 miserius,
974 710 1114 792 Romae

119 792 259 857 doluisti.
297 794 442 877 quamuis
464 793 628 858 recondite
653 792 739 883 [alte]
763 795 868 879 magis
889 816 1035 879 gemeres
1058 805 1089 860 et

118 879 263 962 ingestos
291 877 407 941 cotidie
434 878 539 941 luctus
568 877 649 942 callo
673 879 811 963 quodam
840 880 1013 943 obduratae
1034 902 1088 962 pa·

117 962 252 1026 tientiae
288 963 479 1044 sustineres,
518 962 684 1027 confessus
722 967 771 1027 est
807 984 841 1028 se
877 963 1089 1028 inconsultior

119 1046 211 1110 dolor
238 1067 297 1110 nec
324 1047 432 1110 timuit
459 1046 668 1130 deprehendi,
698 1050 730 1112 et
756 1048 840 1112 male
869 1049 966 1112 clausi
994 1049 1088 1132 signa

117 1130 272 1194 maeroris
287 1153 344 1214 per
359 1130 466 1195 uultus
481 1131 603 1196 indices
618 1133 773 1197 exierunt.
796 1132 858 1196 hoc
873 1134 968 1216 enim,
987 1132 1089 1197 Roma
1101 1151 1126 1190 10

118 1218 169 1279 tot
191 1215 377 1279 uulneribus
400 1217 516 1298 saucia,
540 1217 697 1280 uindicari
718 1218 860 1300 uolebas,
885 1239 957 1281 cum
978 1221 1089 1280 tamen

117 1300 413 1384 praestantissimus
445 1300 596 1383 princeps
630 1301 765 1364 iniuriae
799 1322 875 1364 suae
911 1301 1088 1384 neglegens

118 1384 231 1448 ulcisci
253 1386 324 1448 tuas
346 1383 465 1448 mallet.
494 1385 540 1448 ita
562 1385 667 1468 ambo,
690 1384 824 1469 benigni
844 1385 1089 1448 ratiocinatores

118 1468 310 1551 officiorum,
332 1469 422 1552 paria
443 1469 582 1532 fecistis:
615 1473 652 1533 tn
673 1471 748 1532 uoto
773 1490 834 1551 quo
857 1469 924 1532 solo
946 1468 1087 1552 ualebas,

118 1553 174 1616 ille
196 1574 304 1617 amore
325 1554 446 1636 pariter
474 1556 505 1616 et
527 1552 694 1633 facultate,
725 1556 762 1616 ut
782 1556 908 1617 tantum
930 1553 1127 1617 bonorum1⁵

118 1637 181 1702 tibi
212 1638 367 1703 tribueret
399 1640 552 1722 quantum
587 1640 620 1701 te
653 1638 714 1701 sibi
749 1637 830 1701 uelle
869 1640 1087 1722 cognosceret.

117 1722 273 1806 pugnasti
293 1723 404 1806 igitur,
427 1721 612 1804 imperator,
636 1724 763 1786 coactus
785 1720 923 1805 quidem,
949 1721 1006 1785 sed
1026 1721 1089 1785 hoc

118 1806 258 1870 maxime
290 1807 458 1870 uictoriam
491 1807 636 1870 meruisti
670 1805 745 1889 quia
777 1827 844 1869 non
873 1805 1086 1871 desiderabas

117 1891 615 2040 reluminaret
637 1890 1127 2058 triumuiralia

119 2059 216 2124 solita
237 2061 273 2124 in
294 2060 355 2124 hoe
376 2061 462 2124 refra
487 2063 539 2123 ata
562 2064 621 2143 est,
647 2060 703 2124 sed
725 2060 844 2144 aliquid
866 2081 906 2124 ex
928 2060 1090 2124 sententia

118 2148 174 2209 tua
196 2166 263 2208 non
286 2143 373 2208 dedit
394 2147 430 2208 ut
449 2081 520 2227 pius
542 2145 747 2228 promeritis
770 2145 876 2208 iniret.
904 2146 1025 2228 negata
1041 2146 1090 2208 est

120 2229 290 2295 eoncordia
313 2228 364 2293 oui
386 2233 456 2292 erat
477 2232 590 2312 parata
612 2230 756 2294 uictoria.

182 2313 271 2378 XIV.
321 2312 362 2376 In
393 2333 447 2376 ore
480 2314 615 2396 denique
649 2318 698 2376 est
733 2314 877 2376 omnium
911 2312 1089 2377 Galliarum

119 2399 279 2464 exercitus
300 2397 388 2460 uisos
411 2397 466 2481 qui
488 2418 521 2460 se
544 2396 700 2461 diuinitus
722 2397 838 2460 missos
860 2417 937 2480 prae
960 2417 993 2460 se
1007 2396 1089 2460 fere·
1102 2413 1128 2452 ²5

118 2483 211 2547 bant.
240 2486 273 2546 et
295 2483 441 2566 quamuis
464 2481 614 2546 caelestia
636 2483 694 2545 sub
717 2481 825 2546 oculos
847 2480 1015 2544 hominum
1036 2502 1089 2544 ue·

119 2567 190 2631 nire
212 2589 279 2631 non
301 2567 425 2631 soleant
446 2564 531 2649 quod
554 2587 693 2630 crassam
716 2568 748 2630 et
770 2566 965 2650 caligantem
986 2565 1089 2629 aciem

119 2651 257 2800 sgmffilgx
277 2650 334 2800 illle
356 2655 393 2800 gat
414 2651 599 2797 inconcretla
617 2651 805 2800 tsgrbstagrutia
826 2650 1089 2796 natiuaedtenuis

120 2757 173 2800 eu
196 2757 246 2800 a:
283 2758 329 2800 11
391 2755 467 2800 men
498 2757 574 2800 auru
587 2756 617 2798 ra
653 2757 704 2799 res
768 2758 780 2798 1
812 2755 913 2817 asprcr
946 2755 966 2796 a
987 2753 1089 2815 mque

190 3009 204 3056 1
225 3009 374 3058 amentiam
390 3008 471 3057 idem:
489 3005 653 3072 patientiam
666 3007 694 3052 11
710 3001 721 3070 ss
737 3006 753 3054 2
773 3002 954 3068 expectanti
970 3000 981 3066 ΙΙ
998 3003 1014 3051 6
1033 3001 1090 3051 alte

119 3077 170 3126 del.
189 3076 322 3126 Liuineius
344 3073 354 3140 ΙΙ
380 3077 412 3126 10
429 3090 479 3140 per
496 3090 542 3125 om.
561 3074 594 3123 W
609 3075 614 3136 Ι
630 3073 781 3123 extiterunt
799 3085 824 3120 w
847 3069 857 3135 [Ι
883 3073 914 3120 14
932 3069 1045 3120 uolebas
1064 3070 1091 3116 li

116 3139 127 3209 ΙΙ
154 3144 186 3192 16
205 3143 407 3193 retribueretd
433 3141 438 3206 Ι
464 3145 643 3207 cognosceret
662 3137 825 3203 (cognoscet
842 3139 875 3200 A)
895 3138 970 3188 Bert.
990 3150 1028 3185 w:
1048 3153 1090 3186 re-

117 3215 302 3275 cognosceret
318 3211 338 3258 Β
352 3213 369 3258 c
381 3211 404 3258 V
424 3207 434 3276 ΙΙ
458 3212 491 3260 20
509 3210 643 3260 diuinitas
660 3206 735 3258 Bert.
755 3209 829 3257 ow:
849 3205 984 3256 diuinitus
1000 3205 1090 3254 ΛΠ

119 3276 125 3344 1
145 3278 334 3328 obsecundare
354 3279 440 3341 ceptis
458 3275 533 3331 Bert.
548 3291 585 3326 w:
604 3274 759 3326 obsecunda
777 3275 942 3339 receptis!
962 3269 973 3338 n
993 3275 1026 3322 22
1045 3272 1090 3322 de·

119 3344 162 3396 dit
180 3360 241 3410 ego:
264 3345 338 3395 cedit
354 3346 383 3393 1
401 3345 501 3395 cecidit
518 3345 653 3396 Acidaliae
676 3341 681 3408 Ι
703 3344 788 3394 iniret
806 3347 967 3405 corruptum
984 3341 1092 3391 uenhet

120 3413 256 3463 Acidaliae
272 3413 358 3462 inires
375 3413 515 3465 Liuineius.
529 3413 604 3475 «fort.
624 3410 702 3461 indul
722 3414 782 3461 eret
798 3413 839 3460 uel
856 3409 990 3459 tribueret
1018 3406 1028 3472 ΙΙ
1057 3408 1091 3457 28

118 3479 170 3531 ills
186 3480 210 3529 Δ
227 3480 319 3530 Bert:
337 3496 383 3532 om.
401 3481 421 3528 B
440 3481 458 3528 0
476 3480 498 3527 V
516 3478 568 3545 Ἣ
585 3484 614 3529 et
630 3495 677 3530 om.
738 3475 802 3544 [129
820 3477 860 3527 ibi
876 3476 952 3528 Berl.
970 3475 1028 3525 Η
1044 3474 1088 3523 W:
1143 3521 1145 3526 .

119 3547 164 3599 illi
180 3547 201 3596 B
219 3548 236 3597 (l
251 3546 256 3612 Ι
270 3547 398 3613 redirique
417 3563 477 3614 ego:
496 3547 643 3613 audirique
661 3549 688 3596 rt
958 3548 966 3564 ⁸
