2572 3990
205 225 245 288 14
543 243 566 295 I.
597 241 627 293 Ο.
647 242 764 294 PLINII
782 243 862 294 PAN.

203 374 259 438 alii
272 376 409 457 montes,
432 375 495 438 uisi
509 373 560 438 his
576 378 811 458 comparentur,
835 375 986 440 muniunt
1001 375 1172 442 dirimunt·
1223 397 1225 402 ·

203 480 273 542 que.
302 481 360 543 per
387 458 450 524 hoo
478 481 572 524 omne
600 459 738 543 spatium
771 481 843 524 oum
864 460 1007 545 legiones
1036 461 1171 526 duceres

202 564 259 607 seu
285 542 392 626 potius
422 547 525 628 (tanta
554 543 706 608 uelocitas
734 545 817 629 erat)
846 565 985 629 raperes,
1011 556 1086 609 ‘non
1114 569 1167 611 ue-

201 625 342 692 hiculum
365 649 526 712 umquam,
553 649 621 691 non
648 649 762 710 equum
790 629 969 712 respexisti.
1006 629 1086 694 leuis
1114 629 1168 695 hio

107 741 109 745 ·
176 733 267 778 anon
290 711 465 776 subsidium
487 711 628 795 itineris,
652 712 707 776 sed
729 713 837 777 ‘decus
860 717 892 778 et
913 717 1070 778 tutamen'
1094 715 1167 779 sub·

202 796 403 880 sequebatur,
425 799 462 860 ut
484 797 572 861 cuius
594 796 701 860 nullus
722 796 782 860 tibi
810 817 896 877 usus,
925 797 988 862 nisi
1015 819 1088 862 oum
1116 800 1168 864 die

202 881 392 951 statiuorum
418 881 597 963 proximum
632 902 781 965 campum
813 882 979 947 alacritate
1005 882 1170 947 discursus

201 963 334 1047 puluere
356 964 526 1029 attolleres.
564 965 693 1029 initium
714 965 834 1030 laboris
862 967 959 1030 mirer
980 987 1021 1030 an
1044 967 1172 1031 finem?

201 1048 339 1112 multum
361 1053 410 1112 est
432 1050 515 1132 quod
538 1051 759 1133 perseuerasti,
783 1051 855 1133 plus
876 1054 985 1115 tamen
1002 1050 1084 1134 quod
1099 1073 1167 1115 non

164 1161 189 1199 ιο
202 1133 339 1197 timuisti
361 1155 402 1198 ne
425 1155 629 1218 perseuerare
644 1155 710 1198 non
732 1155 851 1218 posses.
888 1156 948 1199 neo
963 1135 1073 1199 dubito
1089 1139 1166 1219 quin

201 1217 255 1280 ille
283 1217 337 1300 qui
364 1222 397 1282 te
425 1221 509 1282 inter
530 1218 586 1282 illa
608 1217 800 1283 Germaniae
828 1219 912 1283 bella
939 1219 980 1283 ab
1007 1217 1171 1304 Hispania

200 1322 300 1384 usque
329 1305 366 1366 ut
393 1302 624 1367 ualidissimum
653 1303 846 1386 praesidium
875 1305 1044 1386 exciuerat,
1078 1305 1167 1369 iners

201 1386 270 1469 ipse
293 1387 468 1470 alienisque
491 1387 664 1451 uirtutibus
690 1390 769 1452 tuno
797 1408 924 1472 quoque
951 1388 1079 1452 inuidus
1106 1389 1164 1452 im·

200 1473 338 1554 perator,
362 1491 432 1536 oum
449 1493 508 1556 ope
524 1493 633 1535 earum
648 1471 819 1556 indigeret,
841 1476 966 1536 tantam
983 1471 1167 1536 admiratio·

162 1579 187 1619 15
201 1575 274 1618 nem
297 1555 345 1618 tui
374 1576 440 1619 non
462 1559 532 1620 sine
555 1555 689 1639 quodam
717 1557 831 1620 timore
859 1557 1040 1639 conceperit
1068 1578 1165 1638 quan-

199 1641 265 1704 tam
293 1639 347 1704 ille
375 1641 504 1724 genitus
531 1640 605 1704 lore
632 1643 708 1723 post
735 1661 845 1705 saeuos
872 1641 997 1705 labores
1025 1641 1165 1720 duraque

199 1722 333 1806 imperia
365 1725 435 1809 regi
469 1746 526 1789 suo
559 1723 733 1789 indomitus
766 1746 891 1809 semper
925 1724 1168 1808 indefessosque

198 1807 368 1892 referebat,
391 1831 463 1873 oum
479 1810 550 1873 aliis
566 1829 662 1893 super
677 1809 757 1873 alias
773 1809 1028 1892 expeditionibus
1048 1808 1167 1874 itinere

199 1892 256 1955 illo
279 1891 311 1955 di
359 1914 396 1956 us
418 1893 618 1958 inuenireris.

160 1999 186 2040 so
262 1975 292 2040 X
326 2027 333 2041 .
359 1976 519 2040 Tribunus
534 1998 611 2041 uero
634 1977 899 2042 disiunctissimas
921 1979 1022 2042 terras
1045 1978 1166 2042 teneris

199 2059 303 2124 adhuc
316 2059 408 2123 annis
424 2061 486 2124 uiri
507 2060 659 2125 firmitate
672 2060 827 2144 lustrasti,
850 2063 914 2126 iam
929 2064 1006 2126 tuuc
1022 2084 1164 2146 praemo·
1207 2127 1209 2132 ,

199 2147 297 2208 nente
330 2143 461 2207 fortuna
487 2147 523 2208 ut
550 2144 605 2208 diu
631 2148 822 2229 penitusque
853 2146 1050 2230 perdisceres
1084 2169 1163 2228 quae

198 2247 272 2290 mox
305 2228 488 2311 praecipere
521 2228 660 2294 deberes.
707 2251 810 2313 neque
845 2231 929 2294 enirn
963 2232 1164 2314 prospexisse

201 2314 305 2374 castra
328 2312 519 2396 breuemque
541 2313 690 2378 militiam
712 2315 802 2396 quasi
830 2314 1009 2378 transilisse
1032 2319 1162 2380 conten·

160 2418 185 2459 as
198 2399 249 2459 tus
277 2395 323 2460 ita
351 2397 447 2494 egisti
474 2398 638 2462 tribunum
666 2402 702 2462 ut
733 2419 801 2463 esse
823 2399 887 2463 dux
914 2399 1025 2464 statim
1052 2420 1164 2483 posses

197 2479 341 2563 nihilque
357 2481 542 2546 ducendum
564 2482 698 2547 haberes
712 2486 858 2567 tempore
874 2483 1024 2548 docendi:
1046 2504 1163 2568 cogno·

198 2563 274 2628 uisti
296 2586 354 2647 per
375 2565 536 2647 stipendia
558 2567 667 2631 decem
690 2588 794 2631 mores
817 2568 971 2652 gentium,
993 2568 1162 2652 regionum

198 2649 290 2729 situs,
314 2649 570 2733 opportunitates
592 2650 744 2733 locorum,
772 2656 804 2715 et
824 2653 985 2716 diuersam
1008 2673 1162 2749 aquarum

198 2732 340 2816 caelique
378 2734 565 2817 temperiem
598 2738 634 2799 ut
665 2736 786 2818 patrios
818 2736 925 2800 fontes
959 2739 1163 2820 potuumque

158 2841 184 2882 ao
198 2816 285 2881 sidus
306 2817 391 2882 ferre
413 2818 581 2883 consuesti.
614 2821 762 2902 quotiens
785 2842 892 2903 equos,
916 2820 1064 2904 quotiens
1080 2842 1163 2885 eme-

197 2901 259 2965 rita
282 2924 371 2967 arma
391 2903 542 2968 mutasti!
580 2904 688 2969 ueniet
709 2926 786 2990 ergo
807 2908 934 2988 tempus
957 2926 1019 2988 quo
1041 2905 1162 2988 posteri

196 3025 203 3031 .
211 3026 348 3033 --.--,--
356 3027 399 3034 -..-

264 3076 278 3123 1
299 3080 523 3140 compararentur
540 3077 619 3125 ΒΗ
631 3073 642 3142 ΙΙ
654 3080 670 3127 3
687 3091 800 3142 raperes
812 3077 856 3126 W:
875 3092 971 3142 rapere
990 3076 1036 3127 sed
1053 3077 1134 3126 BGV
1147 3073 1161 3142 Η

196 3141 386 3192 salutamen
401 3141 491 3207 (ruri)
504 3146 600 3208 scripsi
605 3161 611 3195 :
632 3147 660 3194 et
673 3159 733 3194 cum
746 3145 774 3192 si
787 3150 919 3195 ettamen
930 3157 963 3206 w,
976 3147 1019 3194 det
1032 3145 1162 3209 Hauplius

196 3211 211 3257 l.
225 3210 240 3256 1.
253 3224 281 3270 p.
291 3211 339 3266 27,·
351 3211 385 3270 cs.
396 3211 475 3275 Verp.
482 3211 547 3260 Aen.
558 3213 583 3261 V
586 3213 637 3261 262
650 3209 689 3276 116
707 3217 738 3262 ut
749 3215 798 3262 del.
811 3225 836 3260 w
848 3210 858 3277 ΙΙ
871 3214 886 3262 ‘1
899 3211 1039 3262 discursus
1052 3213 1161 3278 scripsi:

196 3275 321 3325 discursu
333 3277 361 3324 Π
373 3274 383 3341 ΙΙ
396 3279 411 3328 8
424 3278 506 3327 mirer
518 3293 554 3328 an
585 3295 592 3327 ε
607 3280 692 3330 miser
705 3281 766 3330 and
779 3283 905 3330 miseram
917 3279 937 3328 B
947 3280 969 3327 V
981 3279 1113 3330 miserear
1126 3294 1160 3330 an

195 3354 220 3389 w
232 3340 242 3407 ΙΙ
255 3344 285 3391 11
301 3342 336 3392 ad
345 3343 508 3409 Hispaniam
517 3345 550 3393 W
562 3292 618 3410 dit
628 3346 729 3397 itinere
741 3343 803 3413 illo]
814 3361 925 3398 munere
940 3346 994 3396 alio
1006 3347 1133 3398 Catonem
1147 3343 1158 3412 ll

195 3411 226 3458 21
246 3410 454 3473 praemunientes
473 3415 514 3462 uel
531 3411 730 3477 praemolisuta
747 3413 853 3478 Lipsius
870 3413 880 3479 ss
897 3416 930 3466 23
951 3415 1118 3479 prospexisti
1136 3425 1161 3462 rr

197 3473 208 3536 tl
229 3477 262 3526 24
280 3477 434 3528 transilisse
452 3481 621 3530 Aratzenius:
640 3480 773 3530 transisse
791 3479 845 3546 11ss
862 3484 895 3532 26
915 3495 977 3531 esse
994 3480 1048 3531 dux
1067 3482 1161 3532 statim

194 3544 254 3593 BV:
274 3544 328 3595 dux
347 3559 407 3596 esse
426 3547 521 3598 statim
533 3546 566 3596 W
584 3562 644 3598 esse
658 3547 752 3596 statim
767 3547 821 3598 dux
834 3551 851 3598 d
863 3548 873 3614 ss
886 3551 918 3600 27
932 3549 1106 3615 regionumq3
1120 3548 1160 3603 W.
