2572 3990
449 235 609 289 11111110
629 239 662 288 n.
683 240 791 292 11-14,
1061 239 1100 303 13

128 385 277 452 euntium
305 385 482 450 certamina
508 387 651 450 uirorum
679 407 767 450 arma
788 408 1005 471 componeres,
1035 391 1101 454 tela

127 473 309 554 temptares
338 491 385 554 ac,
415 471 442 533 si
469 470 553 554 quod
582 470 690 534 durius
722 471 893 554 accipienti
927 475 1100 556 uideretur,

133 556 202 638 ipse
217 555 372 618 uibrares.
410 555 486 637 quid
503 576 573 618 cum
590 553 741 618 solacium
764 556 867 637 fessis,
890 559 995 642 aegris
1006 579 1100 642 opem

127 639 255 704 ferres?
279 660 344 702 non
367 638 428 703 tibi
449 639 546 703 moris
568 641 625 703 tua
647 639 730 702 inire
751 641 900 724 tentoria,
929 642 992 705 nisi
1014 663 1100 707 com·

132 724 316 788 militonum
340 726 416 787 ante
437 723 618 807 lustrasses,
641 744 702 788 neo
723 725 864 807 requiem
887 726 1014 809 corpori
1035 727 1125 789 nisis

131 810 206 892 post
239 829 350 871 omnes
384 807 469 872 dare.
519 807 597 871 haut
627 807 707 871 mihi
739 809 949 875 admiratione
984 811 1100 894 dignus

128 895 306 976 imperator
327 891 500 974 uideretur,
528 893 554 956 si
576 893 661 956 inter
682 891 847 957 Fabricios
876 897 909 957 11
936 893 1100 978 Scipiones

132 979 165 1040 et
187 974 340 1041 Camillos
362 976 437 1040 talis
459 979 557 1040 esset:
584 980 663 1041 tunc
686 977 771 1040 enim
798 977 889 1041 illum
911 979 1100 1043 imitationis

130 1060 228 1125 ardor
243 1081 430 1144 semperque
445 1060 558 1124 melior
579 1061 694 1144 aliquis
709 1062 906 1126 accenderet.
930 1065 1100 1146 postquam

133 1167 208 1209 uero
243 1145 385 1208 studium
419 1166 581 1209 armorum
615 1167 633 1208 1
660 1145 809 1210 manibus
837 1146 877 1210 ad
906 1147 1024 1230 oculos,
1059 1147 1100 1210 ad
1114 1167 1138 1204 10

131 1229 333 1312 uoluptatem
356 1251 375 1292 a
396 1229 505 1298 labore
526 1229 719 1294 translatum
742 1234 803 1315 ost3
827 1233 995 1313 postquam
1011 1253 1099 1294 exer-

131 1314 342 1378 citationibus
374 1315 494 1378 nostrir
527 1335 593 1378 non
625 1317 849 1378 ueteranorum
884 1315 1009 1398 aliquis,
1050 1316 1101 1379 cui

132 1399 228 1462 decus
256 1397 388 1463 muralis
423 1403 479 1462 aut
508 1398 620 1480 ciuica,
655 1398 709 1462 sed
739 1399 913 1464 Graeculus
946 1399 1100 1484 magister

131 1482 269 1546 assistit:
292 1500 389 1566 quam
409 1503 564 1566 magnum
586 1486 636 1547 est
653 1505 752 1546 unum
774 1505 813 1547 ex
828 1483 974 1547 omnibus
995 1485 1101 1568 patrio

132 1588 233 1648 more,
261 1568 369 1650 patria
395 1567 515 1631 uirtute
542 1567 655 1631 laetari
689 1570 721 1630 et
755 1568 824 1631 sine
859 1568 993 1650 aemulo,
1029 1569 1097 1632 sine
1111 1585 1139 1624 15

131 1651 279 1734 exemplo
301 1671 408 1714 secum
431 1656 562 1730 certare,
592 1672 699 1715 secum
722 1651 914 1714 contendere
943 1673 989 1736 ac,
1018 1653 1102 1716 sicut

130 1737 290 1819 imperare
319 1735 431 1820 solum,
463 1735 510 1798 111
542 1735 644 1799 solum
674 1755 742 1799 esse
771 1737 824 1818 qui
853 1735 969 1798 debeat
1002 1736 1100 1819 impe-

130 1821 218 1884 rare!

184 1902 274 1968 XIV.
290 1903 323 1968 N
324 1924 366 1967 on
378 1903 573 1967 incunabula
583 1902 663 1967 haec
674 1902 744 1985 tibi,
759 1902 885 1985 Caesar,
897 1907 930 1966 et
940 1903 1101 1968 rudimen·

130 1991 176 2072 ta,
198 2009 271 2052 cum
292 2009 372 2071 puer
387 1988 558 2051 admodum
573 1986 724 2052 Parthica
744 1987 833 2051 lauro
848 1987 984 2072 gloriam
998 1988 1101 2071 patris
1114 2005 1140 2044 20
1198 2041 1199 2044 ,

132 2093 268 2157 augeres
302 2092 482 2156 nomenque
511 2071 696 2136 Germanici
728 2073 793 2136 iam
825 2075 895 2136 tum
934 2089 1100 2151 mererere,

134 2179 207 2221 eum
229 2156 384 2220 ferociam
407 2156 648 2240 superbiamque
671 2156 863 2222 Parthorum
891 2179 929 2220 ex
956 2157 1101 2240 proximo

133 2241 262 2305 auditus
299 2261 419 2325 magno
457 2243 580 2304 terrore
619 2239 783 2306 cohiberes
823 2241 1035 2324 Rhenumque
1070 2245 1102 2304 et

133 2325 333 2410 Euphratem
355 2324 576 2389 admirationis
592 2329 667 2388 tuae
693 2327 844 2389 societate
868 2325 1100 2410 coniungeres?

132 2431 205 2474 cum
229 2410 339 2474 orbem
359 2416 517 2472 terrarum
541 2431 607 2472 non
629 2409 762 2492 pedibus
784 2409 889 2494 magis
911 2430 1007 2492 quam
1034 2409 1099 2472 lau·
1114 2425 1140 2464 25

134 2494 228 2558 dibus
250 2514 449 2578 peragraras,
473 2493 557 2577 apud
580 2515 633 2558 eos
655 2515 781 2577 semper
807 2495 909 2558 maior
930 2495 963 2557 et
986 2492 1103 2557 clarior

132 2579 250 2663 quibus
282 2581 395 2661 postea
429 2578 642 2662 contigisses'?
685 2581 717 2642 11
749 2579 885 2642 necdum
919 2577 1101 2661 imperator,

133 2664 271 2727 necdum
293 2662 343 2727 dei
371 2661 455 2726 filius
483 2683 562 2726 eras.
606 2661 813 2726 Germaniam
841 2662 1102 2746 Hispaniamque

134 2768 206 2811 cum
228 2747 384 2831 plurimae
407 2749 521 2831 gentes
550 2769 589 2811 ac
610 2769 709 2831 prope
736 2747 866 2811 infinita
892 2747 1027 2811 uastitas
1054 2748 1102 2809 in-

134 2831 320 2896 teriacentis
349 2831 408 2895 soli
435 2834 505 2894 tum
532 2830 727 2914 Pyrenaeus,
755 2831 855 2914 Alpes
889 2831 1099 2912 immensique
1113 2847 1139 2886 ³0

204 3023 220 3071 5
242 3020 378 3070 lustrares
399 3019 460 3068 BV
489 3014 499 3081 ΙΙ
529 3017 631 3068 6haut
647 3020 756 3081 scripsi:
779 3017 832 3066 hac
849 3018 877 3067 1
899 3031 951 3066 nec
969 3016 1069 3066 Keilius
1088 3015 1101 3081 ll

135 3090 223 3138 'inon
241 3089 383 3138 uideretur
399 3100 425 3135 w
452 3083 462 3151 11
491 3087 507 3136 8
530 3085 724 3136 immirationis
747 3087 764 3133 c
793 3083 803 3150 fl
833 3087 865 3135 12
889 3089 1013 3135 ueterum
1030 3085 1063 3132 W
1088 3081 1100 3149 ΙΙ

137 3156 168 3206 15
185 3170 220 3204 11
238 3155 298 3205 sine
315 3171 359 3205 ex.
377 3155 412 3215 11,
431 3169 465 3203 ac
482 3169 528 3204 om.
548 3167 565 3218 ς
594 3149 604 3218 ΙΙ
635 3155 666 3203 17
684 3154 820 3218 imperare
839 3152 927 3202 solum
949 3153 991 3202 ita
1014 3150 1102 3203 solum

135 3224 242 3286 scripsi:
265 3225 417 3286 imperaret
440 3221 515 3271 solus
538 3219 627 3270 solum
648 3221 688 3270 iia
709 3224 738 3269 Η
759 3221 912 3286 imperatq-
941 3216 951 3283 ΙΙ
982 3221 1013 3270 19
1037 3217 1104 3284 non]

137 3305 200 3338 nam
218 3290 387 3340 Momnaemu
416 3286 426 3353 ΙΙ
456 3291 487 3338 21
506 3303 641 3338 mererere
660 3302 697 3337 w:
717 3303 820 3338 merere
838 3290 866 3336 Ι
894 3285 905 3353 ΙΙ
934 3289 968 3336 21
986 3287 1104 3337 Partho-

138 3359 206 3416 rum]
232 3357 411 3407 barbarorum
434 3355 595 3406 Schwarrius
624 3353 634 3420 li
663 3359 697 3406 28
724 3356 901 3407 Germaniam
927 3355 1104 3420 Hispaniam·

139 3424 332 3488 quelKeiliue:
363 3423 595 3488 Germaniamque
621 3426 649 3470 1
677 3424 843 3489 HispanIam
872 3423 1103 3484 Germaniamque

138 3490 261 3541 Baunius.
279 3496 356 3556 plura
376 3493 538 3542 intercidisse
556 3499 642 3542 cernet
660 3492 826 3550 Dieruucrns,
845 3491 930 3542 Beitr.
954 3507 976 3540 z.
996 3504 1019 3538 e.
1041 3489 1104 3537 ierit.

141 3557 227 3608 01111,
251 3557 360 3610 Traiane
377 3577 403 3624 p.
422 3561 482 3611 193.
