2586 3996
327 189 542 241 carriacum
560 189 669 240 acrio
687 189 852 242 runmno
875 193 950 241 a-r.
1060 188 1122 252 247

221 341 276 405 IV.
333 339 593 404 Florentissimas
629 339 787 422 quondam
822 339 1124 423 antiquissimasque

155 429 251 492 urbes
268 424 397 488 barbari
417 424 640 508 possidebant,
663 445 758 507 porro
782 423 864 488 aliae
885 445 964 507 quas
987 447 1006 487 a
1028 425 1124 488 uasti-

156 515 223 576 tate
238 509 404 573 barbarica
419 513 576 572 terrarum
595 508 765 580 interualla
780 508 970 572 distulerant
984 509 1125 572 iudicum

156 595 287 661 nomine
309 616 327 656 a
347 593 480 656 nefariis
501 593 679 657 latronibus
700 593 937 675 optinebantur.
961 592 1125 657 Gallorum

157 680 213 745 illa
241 678 403 743 celebrata
423 677 582 742 *nobilitas
610 681 665 740 aut
689 677 775 742 ferro
804 677 965 742 occiderat
991 682 1046 742 aut
1068 679 1151 740 ima

155 765 288 829 mitibus
311 762 438 826 addicta
461 762 597 826 dominis
620 763 789 826 seruiebat.
834 763 1056 845 afficiebantur
1077 764 1125 826 in·

158 870 266 934 genua
287 847 430 931 indignis
450 847 642 910 cruciatibus
666 867 813 929 corpora,
836 868 930 910 nemo
953 847 992 910 ab
1007 847 1126 911 iniuria

156 935 250 1012 liber,
274 953 368 996 nemo
390 931 531 995 intactus
552 954 571 995 a
594 931 802 1012 contumelia,
830 931 894 995 nisi
916 931 970 1014 qui
994 931 1125 996 crudeli·

155 1022 256 1082 tatem
283 1016 453 1100 praedonis
481 1016 584 1098 pretio
612 1015 807 1100 mitigasset,
841 1019 878 1080 ut
906 1016 971 1080 iam
997 1017 1127 1080 barbari

159 1102 412 1166 desiderarentur
433 1103 529 1184 utque
545 1103 788 1184 praeoptaretur
811 1122 830 1164 a
851 1101 975 1164 miseris
995 1101 1127 1164 fortuna
1141 1123 1166 1161 11

156 1191 334 1270 captorum.
380 1185 415 1248 in
443 1185 505 1250 hoc
540 1188 626 1249 statu
659 1186 832 1268 imperator
866 1188 976 1249 noster
1004 1185 1126 1249 Gallias

158 1275 272 1336 nactus
294 1271 462 1333 minimum
485 1269 599 1332 habuit
622 1269 773 1332 aduersus
789 1269 915 1332 hostem
937 1269 1057 1333 laboris
1080 1273 1127 1333 at-

158 1379 219 1440 que
242 1354 453 1418 discriminis:
476 1374 541 1415 una
564 1353 631 1416 acie
655 1352 827 1417 Germania
850 1353 1000 1416 uniuersa
1023 1353 1127 1417 deleta

157 1443 224 1520 est,
248 1460 312 1501 uno
334 1436 455 1520 proelio
478 1435 682 1500 debellatum.
726 1437 781 1499 sed
804 1437 982 1501 emendatio
1003 1459 1127 1501 morum

158 1523 409 1604 iudiciorumque
436 1521 591 1585 correctio
620 1524 653 1584 et
676 1521 806 1585 difficile
828 1521 990 1585 luctamen
1019 1526 1051 1586 et
1073 1545 1126 1604 pe·
1142 1543 1166 1582 15

159 1607 253 1672 riculi
279 1606 411 1691 plenum
439 1606 604 1689 negotium
626 1605 697 1673 fuit.
742 1627 817 1669 narn
845 1610 881 1669 ut
908 1607 1041 1689 quisque
1068 1608 1127 1670 im-

159 1691 369 1776 probissimus
391 1694 470 1774 crat,
493 1691 538 1752 ita
557 1691 694 1758 maxime
710 1688 854 1754 Caesaris
869 1691 964 1753 rebus
979 1691 1127 1755 inimicus

160 1777 299 1841 uitandis
336 1775 446 1858 legum
480 1774 592 1856 poenis
630 1774 668 1838 de
703 1796 789 1837 nouo
831 1775 950 1838 scelere
988 1776 1128 1839 remedia

158 1861 334 1946 quaerebat
356 1865 456 1941 utque,
480 1859 554 1941 quia
573 1858 742 1922 defendere
765 1859 903 1924 admissa
916 1859 1041 1943 flagitia
1062 1881 1129 1924 non

159 1947 301 2030 poterat,
330 1945 365 2009 in
393 1945 529 2008 ultorem
556 1943 633 2006 iuris
661 1943 817 2008 inuidiam
848 1944 1051 2028 congerebat.
1096 1947 1128 2008 at
1142 1964 1167 2003 11

160 2053 231 2094 cum
255 2030 358 2094 sancti
378 2028 533 2114 principis
561 2049 666 2092 mores
689 2031 784 2111 atquc
805 2027 956 2092 instituta
973 2029 1129 2092 falsarum

158 2116 228 2179 uitu
252 2115 431 2179 arationum
460 2113 624 2177 licentiam
656 2112 896 2196 submonerent,
929 2113 1044 2178 callido
1072 2135 1128 2177 no-

159 2221 221 2264 cen
245 2200 251 2212 “
276 2199 411 2263 artificio
435 2199 666 2262 accusatoriam
689 2198 851 2263 diritatem
873 2197 1003 2262 laudum
1027 2198 1128 2262 titulis

159 2284 367 2367 peragebant,
390 2283 426 2345 in
446 2282 594 2346 omnibus
615 2283 849 2347 conuenticulis
864 2285 954 2367 quasi
969 2306 1027 2367 per
1041 2279 1129 2347 barii·

160 2367 338 2432 nolentiam
360 2366 417 2430 illa
438 2366 613 2430 iactantes:
648 2367 802 2430 ‘Iulianus
824 2368 1051 2432 Alamanniam
1074 2368 1128 2432 do·
1143 2385 1168 2424 2⁵

160 2452 257 2534 muit,
282 2449 426 2514 Iulianus
447 2450 542 2514 urbes
566 2449 690 2514 Galliae
712 2472 751 2514 ex
771 2450 892 2515 fauillis
915 2456 947 2516 et
969 2452 1128 2516 cineribus

156 2534 323 2601 excitauit.
345 2536 420 2600 illae
434 2535 620 2620 prouinciae
636 2536 794 2621 obsessae,
817 2539 1028 2622 expugnatae,
1044 2537 1128 2600 ferro

158 2621 486 2770 1111113111
503 2620 773 2770 11111111
781 2621 1129 2769 ,irascatur

229 2980 296 3028 2-i5
314 2975 453 3028 Gallorum
470 2976 519 3026 illa
532 3001 563 3011 -
578 2975 729 3025 seruiebat.
752 2991 829 3040 porro
848 2976 921 3026 aliae
937 2974 997 3039 (ille
1009 2973 1041 3041 A)
1061 2991 1130 3041 quas

159 3071 194 3081 —
213 3045 410 3110 optinebantnr
426 3046 468 3108 Ι,
491 3045 640 3108 transposui
668 3041 678 3108 ΙΙ
707 3045 723 3093 6
742 3043 937 3095 afficiebantur
953 3059 1016 3110 epo:
1038 3060 1085 3094 om.
1102 3047 1130 3093 Ι

160 3114 357 3164 lacerabantur
373 3113 520 3167 Liuianum
546 3126 571 3160 11
591 3119 652 3176 port
673 3112 796 3176 ingenua
820 3113 881 3162 odd.
901 3111 1043 3174 suberant,
1070 3121 1131 3176 post

161 3182 331 3232 cruciatibus
349 3178 504 3230 Setenclcius
521 3183 583 3229 usta
613 3176 623 3243 ΙΙ
654 3180 686 3229 10
706 3185 769 3244 utq;
792 3195 853 3241 epos
876 3183 907 3228 ut
924 3180 951 3227 ir
976 3179 980 3244 Ι
1007 3184 1038 3229 ut
1055 3195 1131 3244 prae·
1189 3225 1192 3232 ,

160 3248 324 3313 cipitarctur
341 3250 374 3296 W
397 3245 407 3311 ΙΙ
433 3249 463 3296 12
482 3247 620 3298 minimum
639 3245 731 3298 Baras
749 3248 823 3298 minu
839 3247 863 3296 Δ
881 3247 993 3296 nimium
1011 3248 1131 3296 BGVW

161 3313 170 3381 ll
190 3319 221 3366 15
240 3316 377 3380 correptio
391 3311 430 3380 0ss
448 3317 480 3365 19
499 3321 559 3381 atq;
579 3315 682 3376 addidi:
701 3331 748 3365 om.
761 3317 788 3363 li
807 3320 836 3365 et
853 3311 936 3379 1111111
952 3317 985 3366 20
1003 3316 1061 3365 iure
1080 3329 1105 3364 11
1122 3313 1131 3379 ll

161 3386 195 3434 22
214 3383 345 3434 falsarum
364 3383 523 3448 opinionum
542 3384 659 3447 uituptl
677 3380 759 3447 1111111
776 3384 809 3433 25
828 3381 992 3432 alamaniam
1003 3383 1130 3433 30sz

160 3451 310 3502 almaniam
333 3452 357 3499 Α
386 3448 396 3515 u
425 3452 458 3500 26
481 3451 607 3502 Iulianus
630 3451 712 3500 urbes
732 3451 841 3501 Galliae
864 3467 909 3501 om.
928 3452 962 3498 W
992 3449 1001 3515 ΙΙ
1031 3452 1064 3500 27
1086 3465 1132 3499 ex-

161 3524 301 3584 pugnatae
320 3521 393 3571 edd:
412 3520 616 3584 oppugnata!
635 3517 709 3569 Bert.
