2582 3992
294 225 366 276 rao
385 224 667 278 ausrnuanums
686 195 822 278 secura.
845 203 952 278 ιδ’-21.
1045 227 1105 291 131

135 374 301 456 demidio,
324 377 360 438 ut
374 374 443 458 ipse
459 372 578 457 uidisti,
604 374 707 456 credo,
730 375 936 440 instruendae
950 375 1106 459 pueritiae

135 481 245 544 causa,
269 479 331 544 quo
353 459 555 524 manifestius
578 459 679 522 ocutis
703 459 900 525 discerentur
922 481 1001 544 quae
1024 461 1106 524 diffi-

135 544 228 608 cilius
251 543 474 628 percipiuntur
496 541 622 624 auditu,
652 544 795 607 omnium
824 565 894 610 cum
922 543 1106 610 nominibus

134 629 201 692 suis
223 627 367 692 locorum
394 627 474 692 situs
502 627 607 711 spatia
635 628 805 692 interualla
834 628 994 711 descripta
1019 632 1105 712 sunt,

135 713 287 798 quicquid
316 711 434 796 ubique
462 711 630 776 fluminum
659 713 760 776 oritur
789 715 822 777 et
844 713 1001 795 conditur,
1030 732 1133 797 qua-5

135 818 272 880 cumque
301 818 334 860 se
361 796 494 860 litorum
523 796 612 860 sinus
634 795 783 880 flectunt,
814 819 876 881 qua
904 798 956 862 uel
984 799 1107 864 ambitu

134 882 241 965 cingit
262 881 370 945 orbem
393 881 445 945 uel
466 881 587 964 impetu
610 881 759 964 irrumpit
781 903 928 948 oceanus.

200 965 287 1030 XXI.
341 964 392 1029 lbi
420 964 669 1029 fortissimorum
703 967 933 1049 imperatorum
959 967 1106 1050 pulcher·
1160 1044 1163 1053 Ι

133 1053 236 1116 rimae
263 1071 314 1114 res
340 1051 451 1134 gestae
479 1069 537 1133 per
564 1049 691 1114 diuersa
718 1051 887 1135 regionum
915 1054 1106 1136 argumenta

132 1135 336 1217 recolantur,
370 1133 446 1197 dum
473 1134 651 1198 calentibus
685 1155 872 1219 semperque
902 1136 1104 1201 uenientibus
1119 1156 1146 1194 rc

133 1219 342 1284 uictoriarum
370 1217 493 1282 nuntiis
520 1219 704 1283 reuisuntur
726 1221 856 1304 gemina
878 1218 1027 1284 Persidos
1048 1221 1105 1284 flu-

133 1305 226 1370 mina
248 1306 281 1368 et
296 1303 417 1386 Libyae
431 1324 517 1366 arua
539 1303 683 1367 sitientia
706 1309 738 1367 et
757 1325 899 1368 connexa
913 1303 1020 1368 Rheni
1039 1325 1105 1368 cor-

132 1411 201 1454 nua
223 1391 256 1452 et
277 1387 346 1452 Nili
374 1408 431 1451 ora
453 1386 610 1451 multifida
632 1387 770 1486 dumque
792 1388 854 1452 sibi
877 1386 917 1451 ad
939 1388 1019 1452 haec
1041 1390 1107 1452 sin-

133 1474 214 1559 gula
236 1471 433 1536 intuentium
460 1471 586 1534 animus
609 1471 746 1556 adfingrt
768 1475 829 1536 aut
844 1472 904 1537 sub
926 1476 997 1557 tua,
1028 1471 1105 1536 Dio·

135 1558 274 1623 cletiane
291 1557 447 1642 Auguste,
471 1555 642 1620 clementia
663 1557 848 1641 Aegyptum
869 1557 978 1622 furore
1000 1557 1104 1640 posito
1118 1574 1145 1615 15

156 1643 354 1706 uiescentcm
386 1643 442 1704 aut
473 1642 521 1722 te,
559 1639 754 1704 Maximiane
786 1642 922 1724 inuicte,
959 1639 1106 1724 perculsa

133 1665 322 1791 ddaurorum
344 1725 476 1810 agmina
491 1723 717 1788 fulminantem
740 1727 796 1788 aut
816 1725 874 1788 sub
893 1724 1023 1788 dextera
1038 1727 1104 1808 tua,
1140 1731 1142 1734 ’

134 1811 266 1875 domine
290 1809 475 1892 Constanti,
504 1807 674 1872 Batauiam
699 1808 964 1892 Britanniamque
987 1809 1105 1893 squali·

133 1896 213 1961 dum
250 1898 347 1978 caput
378 1894 468 1958 siluis
505 1895 537 1957 et
571 1893 719 1958 fluctibus
757 1895 938 1958 exerentem
971 1897 1027 1957 aut
1059 1896 1102 1974 te,

132 1979 330 2044 Maximiane
354 1977 482 2059 Caesar,
509 1976 654 2042 Persicos
676 1999 768 2042 arcus
790 1978 1019 2062 pharetrasque
1043 1977 1103 2042 cal·
1117 1997 1143 2037 au

134 2073 274 2130 cantem.
324 2085 412 2128 nunc
449 2062 549 2146 enim,
586 2085 672 2128 nunc
706 2063 833 2127 demum
869 2063 958 2127 iuuat
994 2061 1104 2127 orbem

134 2153 282 2234 spectare
305 2147 483 2232 depictum,
513 2168 585 2211 cum
611 2148 647 2211 in
668 2147 724 2212 illo
752 2147 834 2213 nihil
856 2147 1001 2211 uidemus
1028 2147 1103 2210 alie-

132 2256 223 2299 num.
267 2232 381 2317 habes,
409 2232 461 2296 uir
481 2231 731 2315 perfectissime,
761 2231 858 2296 studii
885 2253 921 2296 ac
948 2231 1018 2297 uoti
1039 2231 1103 2295 mei

133 2316 377 2404 professionem.
423 2315 532 2380 abste
555 2319 630 2398 peto
651 2318 687 2378 ut
709 2337 778 2380 eam
799 2316 915 2380 litteris
936 2316 1001 2380 tuis
1024 2318 1104 2399 aput

134 2424 243 2468 sacrus
267 2422 358 2467 aures
380 2399 528 2485 prosequi
550 2420 616 2463 non
639 2401 791 2484 grauaris.
825 2399 982 2484 siquidem
1003 2400 1103 2463 maxi·
1116 2415 1143 2457 aa

134 2509 207 2552 mus
229 2507 267 2551 ac
285 2507 387 2570 paene
409 2484 494 2549 solus
516 2485 639 2548 fructus
662 2486 711 2548 est
733 2488 821 2549 recta
849 2483 1046 2568 cupientium
1067 2487 1104 2547 ut

134 2572 287 2638 uoluntas
323 2591 431 2635 eorum
468 2568 509 2632 ad
546 2568 690 2634 diuinum
725 2572 889 2634 tantorum
922 2568 1103 2654 principum

135 2657 302 2722 scientiam
323 2655 511 2739 perferatur.

204 2863 220 2911 6
239 2876 293 2926 qua
310 2861 390 2910 Νι
410 2874 463 2924 quo
481 2858 501 2905 Β
513 2860 531 2906 G
543 2856 566 2905 V
577 2856 651 2906 Berr.
668 2853 679 2922 ΙΙ
697 2857 711 2906 7
730 2857 766 2906 im
788 2862 835 2908 etu
853 2874 898 2909 om.
914 2859 931 2912 0
948 2855 958 2922 d
977 2858 1009 2908 10
1027 2871 1102 2907 reeo-

132 2931 230 2981 luntur
247 2942 272 2977 w
285 2925 295 2993 ΙΙ
310 2929 341 2978 12
359 2941 485 2978 connexa
496 2925 570 2975 AGV
582 2922 593 2989 ΙΙ
606 2925 639 2974 14
656 2873 785 2989 adfingitt
803 2923 915 2974 adducit
926 2926 954 2973 Ι
971 2923 1060 2974 afficit
1078 2937 1103 2972 w

134 2999 147 3063 Η
171 2999 203 3048 15
215 2997 370 3061 Aegyptum
382 2995 455 3044 edd:
474 2994 566 3058 engtc
581 2995 611 3041 in
622 2992 650 3039 Ι
668 2992 762 3042 orbem
780 2992 873 3056 egipto
890 2993 920 3042 iu
932 2989 979 3058 wss
993 2993 1025 3042 16
1042 3006 1104 3056 per·

132 3062 282 3130 clusam-A
302 3059 316 3180 {q
334 3063 366 3179 lg
384 3063 540 3113 Maurorum
559 3061 603 3109 W:
625 3073 753 3109 aurorum
769 3060 793 3109 A
803 3060 824 3109 B
836 3060 890 3110 GV
906 3055 919 3126 ΙΙ
939 3061 972 3110 26
991 3057 1102 3124 capien-

132 3134 205 3184 tium
225 3136 254 3183 et
270 3145 306 3182 uo
