2582 3992
453 162 665 214 Tartaron.
691 167 800 216 es-ss.
977 234 980 240 ,
1067 166 1107 229 79

142 314 262 378 candor
284 315 484 398 agnoscitur!
513 316 558 394 ut,
588 314 616 375 si
639 303 710 396 quis
732 335 801 376 eam
824 315 915 378 uxori
937 319 1010 379 tuae
1033 337 1108 380 con·

140 399 231 481 ferat,
254 397 400 462 dubitare
425 401 559 482 cogatur
579 399 687 460 utrum
710 398 753 460 sit
774 399 935 462 efficacius
959 399 999 462 ad
1021 404 1107 464 recte
1198 453 1200 458 .

139 483 324 562 uiuendum,
347 483 430 546 bene
452 481 580 545 institui
604 503 644 544 an
666 481 805 545 feliciter
826 485 924 546 nasci.
955 484 1035 546 nihil
1059 489 1108 548 est

138 569 205 630 tam
233 588 370 650 pronum
399 567 439 630 ad
467 565 647 629 simultates
675 587 768 649 quam
798 568 979 647 aemulati0,
1006 569 1041 631 in
1062 568 1107 632 fe-

138 651 235 715 minis
257 651 461 735 praesertim:
485 673 523 713 ea
544 671 638 733 porro
661 651 799 715 maxime
821 653 963 715 nascitur
978 673 1016 716 ex
1033 671 1132 716 con-5

136 735 320 817 iunctione,
368 735 465 799 alitur
502 735 711 819 aequalitate,
759 737 936 800 exardescit
973 736 1105 820 inuidia,
1145 805 1148 810 ,

139 820 228 884 cuius
262 820 337 884 finis
376 824 425 884 est
463 819 580 884 odium.
622 841 684 902 quo
724 821 852 904 quidem
888 820 1106 884 admirabilius

139 905 388 968 existimandum
417 908 466 968 est
492 904 577 989 quod
612 905 797 969 mulieribus
832 905 952 969 duabus
979 907 1014 968 in
1043 927 1107 969 una

138 989 234 1053 domo
256 990 388 1072 parique
410 990 540 1053 fortuna
560 988 685 1052 nullum
714 993 893 1074 certamen,
922 987 1011 1054 nulla
1033 1011 1106 1054 con-

137 1075 242 1138 tentio
258 1077 316 1138 est.
347 1074 527 1156 suspiciunt
540 1072 688 1155 inuicem,
712 1074 851 1139 inuicem
867 1075 997 1158 cedunt,
1021 1093 1145 1138 cum-10

138 1179 199 1242 que
222 1161 254 1222 te
276 1163 409 1242 utraque
437 1157 626 1222 effusissime
648 1158 777 1243 diligat,
796 1159 890 1240 *nihil
912 1181 969 1222 sua
990 1163 1106 1242 putant

136 1243 292 1307 interesse
315 1248 421 1306 utram
436 1236 479 1305 'tu
501 1243 605 1326 magis
632 1265 729 1306 ames.
766 1243 850 1308 idem
880 1244 1004 1328 utrique
1033 1265 1105 1327 pro-

136 1328 288 1411 positum,
311 1326 397 1390 idem
418 1330 512 1391 tenor
542 1327 636 1409 uitae,
666 1327 811 1410 nihilque
840 1350 878 1391 cx
900 1349 962 1411 quo
985 1330 1105 1392 sentias

138 1411 216 1476 duas
245 1433 323 1476 esse.
360 1414 393 1475 te
422 1413 509 1475 enim
542 1411 679 1492 imitari,
715 1415 748 1475 te
782 1413 931 1496 subsequi
959 1413 1104 1476 student:

136 1497 208 1560 ideo
230 1502 365 1579 utraque
380 1516 486 1559 mores
508 1496 634 1560 eosdem
657 1497 731 1578 quia
750 1499 884 1580 utraque
905 1500 976 1560 tuos
996 1495 1103 1560 habet.
1119 1515 1143 1554 15

136 1581 211 1644 inde
233 1581 419 1663 moderatio,
450 1581 524 1643 inde
553 1581 650 1644 etiam
680 1585 834 1664 perpetua
857 1581 1020 1646 securitas.
1051 1603 1105 1644 ne·
1171 1587 1180 1602 '

137 1686 198 1748 que
214 1666 301 1729 enim
315 1687 465 1748 umquam
487 1665 756 1748 periclitabuntur
776 1686 844 1728 esse
865 1666 1010 1748 priuatae
1026 1687 1105 1745 quae

135 1771 202 1813 non
245 1750 417 1813 desierunt.
458 1748 620 1813 obtulerat
657 1749 720 1811 illis
761 1752 890 1812 senatus
928 1770 1105 1832 cognomen

135 1837 372 1918 Augustarum,
407 1833 489 1917 quod
519 1833 666 1897 certat-im
694 1834 880 1916 deprecatae
907 1838 983 1896 sunt
1010 1854 1104 1915 quam

136 1918 191 1982 diu
203 1918 452 2002 appellationem
464 1917 565 2002 patris
577 1917 701 2001 patriae
711 1921 747 1982 tu
758 1939 947 1998 recusasses,
958 1918 1011 1981 uel
1021 1917 1105 2000 quod
1118 1936 1143 1974 20

135 2003 210 2086 plus
242 2025 311 2067 esse
339 2005 374 2067 in
402 2024 439 2066 eo
470 2003 671 2086 iudicabant,
707 2004 731 2065 si
761 2024 841 2066 uxor
875 2006 907 2066 et
935 2023 1023 2066 soror
1048 2005 1105 2065 tua

135 2109 231 2170 quam
254 2088 469 2172 si'Augustae
499 2088 688 2153 dicerentur.
726 2088 779 2150 sed
803 2109 1018 2170 quaecumque
1040 2086 1104 2150 illis

135 2173 219 2236 ratio
249 2175 375 2235 tantam
402 2173 591 2236 modestiam
620 2172 737 2254 suasit,
767 2172 827 2236 hoc
856 2173 960 2256 magis
989 2171 1104 2256 dignae

136 2259 213 2320 sunt
241 2272 322 2341 quae
350 2257 384 2320 in
418 2257 533 2320 animis
566 2256 687 2321 nostris
717 2259 749 2319 et
774 2257 839 2319 sint
867 2260 899 2320 et
926 2256 1105 2319 habeantur

136 2345 303 2426 augustae,
326 2341 401 2424 quia
422 2362 489 2404 non
510 2345 675 2408 uocantur.
707 2341 783 2423 quid
806 2341 892 2404 enim
913 2339 1103 2404 laudabilius
1117 2359 1141 2398 25

134 2426 265 2490 feminis
289 2447 383 2506 quam
407 2426 434 2488 si
456 2447 568 2489 uerum
595 2426 750 2489 honorem
778 2446 844 2488 non
869 2425 905 2486 in
934 2424 1103 2507 splendore

135 2511 312 2591 titulorum,
333 2510 389 2574 sed
403 2511 440 2573 in
454 2510 579 2574 iudiciis
598 2509 765 2573 hominum
786 2511 944 2592 reponant
963 2509 1103 2592 magnis·

135 2617 196 2679 que
218 2595 402 2658 nominibus
425 2616 517 2677 pares
540 2617 574 2658 se
595 2595 728 2676 faciant,
753 2597 786 2658 et
807 2595 882 2658 dum
904 2594 1077 2657 recusant?
1116 2571 1135 2622 Ι

191 2678 351 2747 LXXXV.
374 2679 445 2743 Iam
466 2680 551 2744 etin
573 2680 770 2762 priuatorum
790 2679 905 2742 animis
921 2677 1103 2742 exoleucrat

134 2765 278 2848 priscum
298 2764 480 2828 mortalium
500 2766 631 2845 bonum,
656 2764 807 2845 amicitia,
831 2765 920 2827 cuius
940 2763 976 2825 in
998 2763 1102 2826 locum
1116 2782 1141 2820 30

135 2852 356 2933 migrauerant
378 2849 633 2928 adsentationes,
662 2848 837 2911 blanditiae
866 2851 898 2910 et
918 2847 1007 2930 peior
1029 2847 1102 2910 odio

136 2933 254 2997 amoris
278 2932 449 2997 simulatio.
480 2933 599 2996 etenim
619 2933 653 2994 in
673 2933 855 3015 principum
876 2933 969 2995 domo
984 2951 1103 2994 nomen

203 3161 274 3207 :tan
293 3171 322 3221 ςτ
342 3160 391 3206 aut
408 3158 436 3204 Μ
465 3153 475 3220 ΙΙ
504 3155 697 3204 besardescit
718 3156 793 3205 cdd:
811 3159 838 3203 et
856 3155 976 3204 ardescit
994 3155 1011 3202 (t
1029 3156 1051 3202 V
1070 3156 1104 3203 W

136 3223 257 3273 ardescit
279 3225 299 3272 B
334 3221 344 3289 ΙΙ
380 3226 411 3272 12
434 3223 506 3272 idem
531 3237 561 3287 g:
590 3221 717 3288 idemque
743 3223 779 3271 Π.
801 3239 835 3271 on
856 3221 929 3271 idem
953 3222 1071 3287 quippe?
1095 3219 1103 3285 ll

136 3293 167 3341 17
186 3289 325 3356 umquam]
347 3292 440 3355 inique
459 3293 477 3339 0
494 3288 504 3355 l
521 3292 555 3340 20
572 3289 616 3340 uel
633 3291 743 3354 scripsi:
762 3305 811 3339 seu
827 3291 854 3336 tt
871 3288 881 3353 11
903 3291 936 3338 22
955 3305 1002 3339 seu
1021 3305 1103 3353 quae-

135 3374 251 3424 cumque
264 3359 292 3408 0.
306 3361 336 3408 F.
353 3359 397 3408 W.
411 3359 521 3408 Mueller
538 3374 600 3407 mus.
618 3359 698 3411 Rhea.
717 3359 772 3407 XX
787 3373 814 3421 p.
834 3360 891 3406 150.
916 3357 1016 3406 Kallias
1034 3361 1101 3406 lacu·

136 3442 192 3476 nam
209 3429 300 3476 statuit
317 3434 376 3476 ante
395 3427 442 3475 sed
465 3423 475 3490 ΙΙ
499 3428 533 3476 24
551 3426 689 3477 habentur
705 3428 739 3475 W
761 3421 772 3490 ΙΙ
796 3425 828 3474 29
847 3426 944 3473 iamet
958 3426 1102 3474 Liuineius:

135 3493 189 3543 iam
209 3494 293 3543 etiam
313 3498 341 3543 ot
356 3493 383 3540 1
403 3490 414 3558 l]
435 3495 467 3543 31
488 3493 550 3544 odio
568 3506 606 3542 w:
625 3494 690 3543 ordo
709 3495 737 3541 Μ
758 3491 768 3558 ll
791 3494 823 3543 32
841 3489 951 3557 nomen]
972 3493 1063 3542 nonc
