2572 3990
416 191 584 266 'sarrano
603 215 638 266 n.
658 217 732 266 e-a.
1042 213 1060 275 7
1086 193 1088 197 ’

86 365 207 428 'borum
236 385 444 447 curarumque
467 363 671 440 consortium,
701 384 761 428 nee
789 367 821 426 te
847 385 1001 448 prospera
1029 367 1062 426 et
1116 371 1160 470 γ.

93 449 179 512 laeta
204 448 352 513 stationis
374 448 467 512 istius
490 447 546 512 sed
568 469 679 530 aspera
694 452 726 511 et
737 447 816 511 dura
838 448 878 511 ad
894 469 1061 531 capessen-

92 533 167 596 dam
190 553 259 596 eam
287 533 524 616 compulerunt:
559 531 728 616 suscepisti
763 532 942 616 imperium,
974 538 1061 615 post-

93 639 189 700 quam
213 617 310 681 alium
332 619 472 700 suscepti
493 616 688 700 paenitebat.
718 616 808 680 nulla
824 616 965 699 adoptati
988 638 1060 680 uum

93 723 131 764 eo
159 702 215 784 qui
245 702 418 785 adoptabat
446 701 607 785 cognatio,
637 700 727 765 nulla
753 700 967 782 necessitud0,
997 701 1086 764 nisis

82 787 177 870 -quod
205 789 338 869 uterque
366 785 506 868 optimus
543 788 613 849 erat
645 785 824 869 dignusque
858 785 938 848 alter
973 785 1059 870 eligi,

85 871 175 934 ,alter
209 870 335 955 eligere.
385 871 494 953 itaque
522 869 693 952 adoptatus
728 891 761 934 es
795 891 874 950 non,
909 871 945 932 ut
970 871 1060 952 prius

94 954 176 1019 alius
205 957 301 1037 atque
329 953 418 1036 alius,
446 956 481 1018 in
509 955 648 1038 gratiam
673 955 787 1018 uxoris.
818 953 952 1017 adseiuit
974 954 1060 1018 enim

92 1042 125 1102 te
147 1038 250 1102 filium
271 1059 339 1102 non
353 1037 485 1103 uitrieus
506 1039 561 1101 sed
582 1039 742 1122 princeps,
765 1038 938 1121 eodemque
953 1039 1060 1102 animo

92 1124 186 1187 diuus
208 1121 316 1186 Nerua
339 1126 430 1205 pater
451 1126 524 1187 tuus
544 1123 649 1186 faetus
672 1125 804 1207 estque
826 1123 1099 1187 eratomnium.10

91 1229 153 1273 neu
175 1207 267 1271 decet
288 1207 380 1270 aliter
401 1207 502 1272 filium
525 1206 657 1288 adsumi,
681 1207 709 1270 si
731 1208 913 1271 adsumatur
933 1229 953 1270 a
973 1208 1060 1290 prin-

92 1293 173 1375 cipe.
205 1313 248 1355 an
270 1295 419 1356 senatum
440 1291 657 1375 populumque
673 1290 865 1374 Romanum,
889 1291 1058 1374 exercitus,

92 1377 286 1460 prouincias,
321 1377 422 1440 socios
450 1377 696 1440 transmissurus
723 1377 780 1440 uni
806 1396 1020 1440 successorem
1042 1397 1059 1438 e

93 1461 165 1525 sinu
193 1460 303 1525 uxoris
325 1461 463 1544 accipias
492 1481 697 1544 summaeque
719 1461 888 1543 potestatis
910 1459 1059 1524 heredem

82 1549 221 1609 tantum
243 1545 330 1609 intra
352 1545 481 1610 domum
503 1548 593 1609 tuam
609 1545 764 1628 quaeras?
796 1566 863 1608 non
884 1548 986 1609 totam
1002 1566 1059 1628 per
1073 1557 1097 1596 15

94 1629 258 1694 ciuitatem
280 1630 484 1694 circumferas
505 1629 614 1693 oeulos
638 1632 671 1692 et
684 1628 771 1692 hune
792 1630 852 1692 tibi
867 1629 1058 1712 proximum,

91 1713 179 1778 hune
191 1714 488 1778 coniunctissimum
500 1713 662 1776 existimes
680 1733 773 1796 quem
785 1713 953 1796 optimum,
965 1734 1060 1795 quem

92 1798 141 1862 dis
163 1799 362 1862 simillimum
383 1797 570 1862 inueneris?
602 1797 814 1879 imperaturus
837 1796 983 1860 omnibus
1006 1796 1061 1860 eli·

92 1884 126 1966 gi
148 1882 245 1946 debet
267 1905 305 1946 ex
327 1883 490 1946 omnibus:
518 1903 585 1946 non
607 1883 693 1945 enim
715 1881 851 1945 seruulis
873 1881 938 1944 tuis
961 1879 1061 1956 domi-

92 1988 180 2048 num,
221 1969 258 2030 ut
294 1967 399 2050 possis
438 1987 507 2045 esse
541 1968 710 2030 contentus
747 1966 839 2050 quasi
878 1966 1059 2030 necessario
1072 1981 1109 2044 20Ι

92 2051 219 2133 herede,
245 2051 301 2116 sed
322 2051 500 2134 principem
523 2050 645 2115 ciuibus
667 2051 798 2114 daturus
820 2071 853 2114 es
875 2051 1059 2134 imperator.

92 2136 265 2220 superbum
293 2135 378 2199 istud
407 2139 438 2198 et
464 2156 499 2199 re
525 2135 598 2218 um,
630 2136 694 2199 nisi
717 2136 848 2218 adoptas
871 2157 943 2198 eum
965 2157 1060 2219 quem

92 2222 222 2285 eonstet
243 2221 474 2302 imperaturum
511 2220 605 2301 uisse,
629 2219 838 2284 etiamsinon
864 2219 1058 2303 adoptasses.

82 2305 170 2370 ¹feeit
191 2305 254 2368 hoe
276 2303 395 2386 Nerua,
418 2303 501 2367 nihil
526 2304 681 2367 interesse
709 2303 881 2367 arbitratus
910 2305 1059 2388 genueris

92 2412 134 2453 an
156 2389 303 2473 elegeris,
327 2391 354 2453 si
375 2388 509 2473 perinde
524 2388 594 2452 sine
615 2387 733 2451 iudicio
752 2387 946 2471 adoptentur
967 2388 1059 2452 liberi
1072 2401 1098 2442 25

93 2496 131 2539 ae
145 2476 336 2557 naseuntur,
360 2473 425 2537 nisi
436 2472 521 2555 quod
541 2474 650 2536 tamen
666 2473 811 2555 aequiore
828 2471 935 2536 animo
949 2471 1060 2536 ferunt

93 2559 240 2623 homines
255 2578 349 2641 quem
370 2558 519 2640 princeps
542 2577 657 2640 parum
679 2557 817 2621 feliciter
839 2557 953 2641 genuit
964 2578 1060 2641 quam

93 2664 187 2726 quem
208 2643 292 2707 male
315 2643 421 2726 elegit.

144 2725 236 2791 VIII.
263 2725 379 2791 Sedulo
392 2747 467 2811 ergo
479 2726 595 2790 uitauit
609 2724 695 2789 hune
708 2747 815 2790 casum
829 2746 890 2791 nec
905 2725 999 2789 modo
1013 2725 1060 2789 iu-

87 2811 212 2876 dicium
225 2806 399 2875 “hominurn
423 2810 478 2874 sed
500 2811 630 2874 deorum
653 2810 749 2874 etiam
771 2811 806 2874 in
822 2809 991 2874 eonsilium
1007 2809 1059 2872 ad·
1072 2825 1099 2865 30

265 2933 298 2942 ...-

161 2999 272 3048 llseta
292 3003 321 3048 et
339 3014 471 3064 prospera
489 3000 507 3046 c
530 2995 540 3063 ΙΙ
565 2999 580 3047 6
598 3002 713 3062 uterque
736 2997 858 3062 optimus
878 3023 912 3033 —
931 2999 992 3061 834
1019 3002 1061 3048 tu·

96 3065 199 3116 multus
217 3067 318 3116 luisset
335 3066 410 3116 tutet
427 3067 451 3114 R
473 3063 484 3130 ΙΙ
509 3064 583 3128 elegi
599 3073 626 3115 et
643 3064 752 3130 elegere
771 3067 795 3113 R
818 3062 828 3130 ΙΙ
853 3067 867 3114 7
888 3068 930 3115 eat
947 3067 970 3114 R
994 3063 1004 3130 ll
1029 3068 1060 3116 11

95 3130 129 3198 si]
154 3133 210 3184 nisi
230 3136 254 3182 R
277 3132 288 3199 ΙΙ
317 3135 348 3184 13
376 3133 469 3184 nonius
492 3134 667 3184 tramissurus
690 3133 773 3182 unius
795 3137 950 3184 successore
981 3130 986 3196 Ι
1018 3149 1060 3184 me
1119 3163 1123 3174 ·

95 3201 155 3249 sinu
173 3203 196 3250 R
219 3198 230 3266 ΙΙ
254 3203 286 3250 15
304 3204 392 3251 totam
410 3216 460 3265 per
477 3203 512 3250 u:
530 3205 682 3266 pertulum
701 3202 729 3248 Ι
746 3197 755 3264 ΙΙ
777 3203 808 3250 17
828 3200 944 3251 extimes
961 3202 984 3249 R
1001 3199 1010 3265 ΙΙ
1029 3204 1061 3252 18

96 3266 136 3317 dis
154 3265 237 3333 sim..]
257 3268 447 3334 dignissimum
460 3270 484 3317 R
495 3265 505 3333 ΙΙ
518 3271 550 3320 20
563 3284 657 3332 posses
674 3269 698 3316 B
710 3265 720 3333 ΙΙ
733 3270 763 3316 ‘21
784 3283 813 3318 es
826 3269 972 3319 Liuineius:
992 3277 1018 3318 et
1029 3271 1061 3329 B,

95 3351 140 3384 om.
157 3333 262 3400 111122
281 3337 350 3386 istut
368 3339 396 3384 et
413 3337 520 3401 regium
538 3341 582 3386 est
598 3338 622 3385 R
638 3333 648 3400 ΙΙ
666 3338 699 3385 21
716 3336 869 3385 arbitratus
886 3337 1023 3386 interesse
1043 3339 1060 3384 0

96 3400 250 3467 {genuerit
266 3406 290 3453 B
311 3405 440 3468 genuerit
463 3419 499 3453 an
519 3403 674 3468 elegeritc
703 3401 713 3467 ΙΙ
743 3404 775 3452 26
798 3404 854 3453 nisi
875 3408 969 3470 tamen
988 3405 1062 3467 quod

93 3469 299 3530 03tamenom.
319 3469 410 3535 111127
429 3467 685 3537 prinoipeslttltt
704 3469 990 3536 quemeumque
1009 3486 1062 3520 nee

95 3537 175 3587 modo
194 3538 326 3590 indicium
344 3540 379 3586 R:
403 3539 622 3588 neeiudiei01
645 3537 758 3603 (iudicia
775 3537 811 3604 w)
833 3535 843 3603 l
864 3541 897 3588 30
918 3540 948 3588 in
965 3553 1012 3588 om.
1030 3539 1062 3587 R.
