2586 3996
265 201 481 254 GRATIARUM
500 203 609 254 ACTIO
628 203 792 256 IULIANO.
815 205 926 256 ‘ac-29.
1017 203 1079 267 267

110 353 233 417 toribus
253 348 430 418 nuntiatur.
460 354 570 417 statim
587 375 603 417 e
620 353 699 416 solio
714 356 878 438 tamquam
892 358 1081 438 praeceptus

13 476 18 497 2
112 437 223 501 exiluit
250 437 342 511 uultu
368 438 493 521 trepido
522 440 617 522 atque
645 440 829 522 satagente,
859 440 962 522 qualis
991 461 1081 504 meus

113 543 181 586 esse
202 523 375 606 potuisset,
405 524 432 586 si
453 522 594 606 principi
616 543 705 587 serus
730 543 939 588 occurrerem.
985 546 1080 610 aegre

110 607 242 671 remotis
270 607 381 691 populi
408 609 462 691 qui
490 628 548 672 nos
577 605 860 692 praegrediebatur
888 608 1081 693 agminibus,

111 694 147 754 ut
169 713 263 775 quam
283 691 470 776 longissime
493 692 586 756 nobis
609 691 737 757 obuiam
752 693 939 775 procederet
959 694 1107 758 labora-⁵

110 775 167 840 uit.
201 775 268 840 illic
290 777 505 862 gaudentibus
528 777 662 861 cunctis,
688 797 747 860 pro
770 779 881 841 saneta
903 778 1082 859 diuinitasl,

110 881 172 944 quo
196 882 261 944 ore,
291 882 354 944 qua
376 883 454 926 uoce
478 867 560 926 ‘aue'
585 861 692 945 inquit
714 863 840 926 ‘consul
862 862 1080 946 amplissime’.

109 945 264 1031 dignatus
284 966 342 1011 uos
363 946 471 1011 osculo
494 947 559 1011 oris
581 946 666 1010 illius
683 946 800 1011 diuinis
823 947 987 1012 afflatibus
1009 969 1081 1012 con-

109 1031 226 1094 secrati
254 1032 416 1096 dexteram
442 1031 545 1114 dedit,
573 1031 662 1095 illam
690 1031 870 1115 dexteram,
899 1032 1080 1096 immortale

107 1115 228 1200 pignus
257 1115 385 1180 uirtutis
418 1119 450 1180 et
476 1116 560 1180 fidei.
610 1118 726 1200 poetae
751 1116 862 1180 ferunt
890 1117 1120 1182 altissimum10

109 1200 201 1264 illum
225 1203 257 1264 et
280 1205 396 1265 cuneta
417 1204 576 1283 potestate
600 1200 806 1266 cohibentem
827 1200 936 1284 deum,
959 1202 1014 1285 qui
1036 1202 1081 1264 di-

107 1285 197 1349 tione
212 1289 366 1369 perpetua
388 1285 498 1348 diuina
519 1288 614 1368 atque
629 1285 771 1348 humana
792 1284 986 1368 moderatur,
1010 1307 1083 1352 eum

108 1369 267 1452 despiciat
288 1369 323 1434 in
344 1372 462 1452 terras,
488 1368 602 1432 habitu
624 1368 688 1432 oris
709 1370 936 1451 tempestatum
958 1370 1082 1434 incerta

107 1457 248 1532 mutare,
272 1453 339 1518 eius
361 1457 443 1517 nutu
465 1453 618 1516 mundum
637 1455 842 1536 tremescere,
864 1454 951 1518 illius
973 1453 1082 1518 hilari-

9 1537 10 1540 ’
108 1541 177 1603 tate
196 1538 341 1603 turbines
364 1537 464 1622 abigi,
487 1537 588 1602 nubes
602 1537 722 1622 fugari,
745 1537 884 1603 nitentia
897 1559 956 1623 per
972 1538 1082 1604 orbem
1097 1555 1121 1595 15

108 1644 224 1688 serena
246 1621 385 1688 refundi.

18 1751 21 1762 „
174 1707 294 1772 XXIX.
326 1706 396 1772 Hoc
418 1707 465 1772 ita
488 1727 556 1772 esse
579 1706 678 1772 oculis
700 1705 796 1790 paulo
819 1710 895 1771 aute
918 1707 1009 1771 licuit
1031 1729 1082 1770 ex·

16 1791 20 1824 ³·
107 1791 217 1876 periri.
245 1793 279 1855 in
302 1794 456 1876 quantam
478 1792 603 1856 laxatus
625 1795 674 1856 est
689 1791 827 1875 populus
843 1794 874 1856 te
898 1789 1082 1856 consulibus

20 1899 23 1938 τ
107 1877 175 1941 tuis
198 1876 358 1941 arridente
381 1876 559 1941 laetitiam?
585 1875 724 1940 uidimus
747 1876 901 1942 attonitos
925 1876 1082 1942 admiran-

108 1963 193 2026 tium
219 1961 344 2045 uultus,
373 1961 589 2026 multiformes
612 1961 801 2060 lactantium
828 1963 948 2044 status,
977 1963 1082 2026 uarios
1096 1979 1122 2018 20

31 2188 35 2206 ‚
108 2045 1084 2214 ttttt?,titulata‘’t-ttttdttttltdtti

109 2215 293 2280 multitudo.
322 2217 441 2280 nimiae
456 2216 598 2280 laetitiae
621 2216 742 2280 decoris
765 2219 841 2280 sunt
863 2219 896 2280 et
909 2215 1082 2301 grauitatis

32 2323 38 2372 τ,
109 2303 323 2364 immemores.
352 2300 409 2363 illa
428 2300 560 2372 iactatio
575 2304 735 2384 togarum,
759 2300 816 2364 illa
838 2301 993 2364 exultatio
1017 2322 1082 2365 cor-

109 2405 227 2469 porum
263 2382 481 2448 nescientibus
516 2405 619 2468 paene
651 2383 836 2448 hominibus
873 2385 1082 2448 excitabatur.
1097 2399 1122 2440 25

53 2457 62 2547 J
111 2491 241 2534 omnem
266 2469 458 2533 modestiam
480 2468 608 2553 populi,
638 2490 766 2533 omnem
788 2469 1014 2534 uerecundiam
1035 2468 1085 2533 tui

55 2554 57 2563 '
110 2554 229 2642 gaudia
258 2554 378 2619 effrena
405 2558 644 2638 superauerunt.
690 2562 782 2634 ‘aue,
815 2554 927 2619 consul
955 2553 1084 2638 amplis·

111 2641 215 2704 sima'
246 2659 325 2705 aueo
341 2641 447 2723 plane,
471 2641 655 2723 imperator,
680 2642 712 2703 et
734 2639 845 2703 auebo.
873 2639 1085 2722 nequeenim

54 2723 63 2799 ⁴.
112 2727 248 2790 euentus
273 2746 342 2790 esse
363 2727 472 2808 potest
500 2723 604 2806 optati
626 2723 720 2786 huius
749 2723 933 2808 ambiguus,
962 2743 1035 2786 cum
1056 2723 1084 2785 is

112 2828 207 2872 auare
235 2831 285 2872 me
313 2809 422 2872 iubeat
448 2808 502 2891 qui
529 2809 591 2871 iam
615 2807 694 2871 feeit
720 2811 757 2870 ut
779 2827 916 2871 auerem
961 2805 1086 2871 ‘consul
1098 2823 1124 2862 30

115 2967 319 2974 mum—...—

182 3070 197 3118 2
216 3071 323 3120 menso
340 3066 350 3134 ll
368 3072 384 3120 3
402 3069 490 3120 serius
508 3069 567 3119 edd.
585 3065 628 3133 114
645 3066 874 3132 progrediebatur
886 3069 913 3115 Η
929 3063 939 3132 ll
956 3068 972 3116 6
991 3065 1086 3128 illiga

58 3146 68 3164 ⁸
115 3133 120 3203 l
140 3136 325 3202 gaudentibus
344 3138 452 3188 eunctis
469 3144 529 3200 post
547 3134 604 3186 illic
615 3137 646 3198 A,
664 3142 724 3199 post
742 3151 767 3200 p.
781 3149 802 3186 s.
817 3134 950 3186 diuinitas
965 3135 1087 3184 ΜΠ

61 3254 68 3273 ⁴
111 3211 213 3268 ponunt
237 3203 247 3270 ΙΙ
271 3208 372 3258 luoce
391 3205 482 3271 inquit
502 3220 552 3256 aue
570 3219 645 3256 cons.
664 3203 738 3253 Bert.
764 3201 768 3267 Ι
794 3218 845 3254 aue
863 3205 945 3255 om.0
969 3200 979 3268 ΙΙ
1003 3203 1087 3254 8nos

18 3271 23 3288 ¹
114 3287 175 3337 epo:
198 3289 245 3324 om.
263 3275 291 3322 ll
315 3274 320 3336 Ι
346 3273 490 3324 afflatibus
507 3275 616 3338 scripsi:
645 3271 776 3323 affatibus
795 3273 823 3320 ll
852 3269 862 3337 ΙΙ
894 3273 923 3320 11
946 3275 1086 3337 potestate

60 3340 63 3348 '
113 3342 189 3394 edd:
216 3347 279 3406 post
296 3342 322 3392 H
353 3339 363 3406 ΙΙ
394 3343 426 3393 13
449 3341 549 3392 ‘halitu
567 3341 621 3390 oris
643 3340 745 3406 quidam
762 3339 835 3390 utri’
854 3341 985 3390 Puteanus
1014 3337 1024 3406 ΙΙ
1056 3341 1087 3390 17

59 3408 67 3435 ⁸
113 3407 197 3473 paulo
219 3413 285 3459 ante
310 3409 437 3460 oculiad
467 3407 478 3475 ss
506 3411 538 3464 21
561 3411 652 3460 motus
677 3434 708 3444 -
731 3409 764 3458 24
788 3423 931 3474 corporum
953 3409 1042 3462 om.v
1072 3403 1085 3471 ll

60 3530 65 3541 Ι
112 3478 147 3526 23
164 3476 258 3527 decori
275 3478 408 3528 Liru'ueiur
437 3474 447 3543 ll
476 3480 509 3528 30
527 3493 609 3529 auere
628 3492 670 3526 me
688 3489 726 3524 w:
750 3490 860 3528 arerem
879 3479 906 3525 Η
927 3491 1009 3528 auare
1028 3477 1088 3528 edd.

65 3575 66 3578 =
116 3542 170 3608 lut
188 3545 317 3598 hauerem
335 3546 358 3593 Δ
