2578 4000
248 168 457 220 MAXIMIANO
477 169 525 219 ΕΤ
544 167 797 222 CONSTANTINO
817 171 850 220 D.
874 173 947 220 Μ,
1024 167 1083 232 153

116 318 348 399 imitationem,
384 318 459 402 quia
488 318 582 384 certis
610 318 659 383 sui
687 319 773 382 notis
805 320 868 382 cito
897 319 1084 383 deformitas

116 403 331 487 exprimatur,
361 403 535 467 similitudo
559 407 666 467 tamen
693 403 919 486 pulcritudinis
947 407 1014 468 tam
1042 405 1085 468 sit

116 488 219 552 ardua
240 509 336 571 quam
359 509 432 550 rara
456 493 504 552 est
518 489 716 572 pulcritudo:
739 509 806 552 noo
828 492 935 552 tamen
957 492 1084 553 tantum

116 573 173 638 ille
197 573 281 656 cepit
295 572 416 637 laboris
439 594 477 636 ex
497 595 550 637 ore
573 577 680 636 uestro
697 573 822 636 diuinas
845 573 967 656 speeies
981 577 1084 637 trans-

116 657 250 722 ferendo
273 661 427 741 quantum
451 658 627 740 uoluptatis
642 657 749 721 hausit
764 658 941 722 comminus
963 679 1021 721 uos
1036 657 1083 722 in·
1097 676 1110 716 5

116 742 252 820 tuendo,
276 742 477 824 inspiciendo
499 743 636 808 sollicite
659 747 691 807 et
714 742 836 807 curiose
859 742 899 807 ab
922 741 1085 806 hilaritate

116 827 204 892 illius
232 828 349 892 aetatis
377 829 483 891 uultus
512 827 690 892 immobiles
725 831 757 891 et
784 827 884 892 serios
917 827 1084 912 exigendO,

117 912 310 996 proferendo
338 911 473 996 denique
503 913 618 976 amoris
651 913 750 977 uestri
778 913 877 976 tacita
905 912 1084 997 praesagia,

116 999 166 1078 ut,
197 997 280 1080 quod
302 997 440 1062 inuicem
467 997 558 1061 uobis
580 996 772 1062 uerecundia
800 997 957 1083 negabat,
986 997 1085 1062 libere

116 1102 175 1146 uos
199 1081 233 1144 in
255 1083 298 1146 im
346 1082 396 1146 'ne
419 1083 600 1146 cerneretis.
1098 1099 1123 1144 ιο

198 1165 271 1230 VII.
351 1165 536 1250 tprofecto
565 1167 628 1231 hoe
658 1167 723 1231 iam
749 1171 844 1250 tunc,
881 1166 1084 1248 Maximiano,

116 1250 228 1314 diuina
249 1255 356 1316 mente
377 1271 650 1335 praesumpserat,
674 1251 748 1332 hoc,
773 1273 844 1315 eum
866 1252 965 1315 ferret
987 1255 1085 1333 aeras,

116 1339 151 1398 nt
173 1336 333 1419 rogareris
355 1339 534 1419 optaueras,
560 1358 631 1399 cum
646 1337 705 1399 tibi
727 1337 762 1399 in
781 1336 840 1400 ,illa
861 1335 1085 1400 iocundissima
1113 1404 1118 1410 ‚

116 1421 193 1486 sede
215 1419 358 1485 laetitiae
380 1421 493 1484 harum
520 1423 705 1504 nuptiarum
751 1421 846 1484 audia
868 1419 1085 1504 praedestina-

116 1506 184 1588 tae,
209 1508 246 1568 ut
267 1505 362 1570 simul
384 1505 472 1568 illam
493 1505 660 1588 paruulam
682 1509 715 1570 et
728 1441 823 1570 laune
844 1504 997 1569 intuendo
1020 1526 1083 1569 cre·
1098 1520 1123 1560 15

117 1593 262 1654 scantenr
297 1589 350 1654 diu
378 1590 528 1654 fruereris
561 1590 781 1674 expectatione
815 1590 882 1654 uoti
912 1589 995 1674 quod
1022 1588 1084 1654 hac

117 1675 345 1740 coniunctione
366 1675 510 1739 firmasti.
539 1675 614 1758 quid
637 1675 723 1738 enim
746 1675 987 1758 competentius,
1010 1673 1085 1758 quid

115 1759 323 1842 prouidentia
344 1762 400 1824 tua
420 1760 549 1844 dignius
570 1759 677 1824 facere
692 1759 826 1844 potuisti
848 1780 945 1842 quam
967 1761 1004 1821 ut
1018 1759 1085 1822 eius

115 1843 202 1927 filio,
239 1865 334 1928 quem
361 1844 421 1908 tibi
448 1846 572 1928 pridem
599 1849 633 1908 et
660 1844 819 1908 affinitate
846 1842 1025 1907 adsciueras
1054 1846 1086 1906 et

111 1929 285 1994 maiestate
327 1930 520 2010 sociaueras,
564 1950 651 1992 nunc
687 1951 726 1992 ex
760 1928 882 1993 intimis
919 1926 1085 1993 affectibus
1099 1945 1125 1986 ro

116 2013 261 2078 traderes
284 2015 400 2078 summi
414 2015 533 2098 pignus
556 2013 706 2098 imperii?
728 2013 807 2078 haee
830 2015 879 2077 cst
897 2016 962 2096 tua,
984 2011 1085 2078 Maxi-

116 2098 240 2180 miane,
270 2097 357 2164 inter
379 2120 491 2163 omnes
511 2099 673 2196 principes
695 2099 826 2182 propria
847 2098 985 2183 largitio.
1031 2097 1085 2160 alii

117 2183 248 2247 diuitias
281 2187 339 2246 aut
366 2182 503 2248 honores
537 2188 593 2248 aut
619 2205 689 2266 rpsa
717 2185 815 2248 etiam
841 2183 992 2266 imperia,
1031 2183 1085 2246 sed

116 2268 187 2332 sola
209 2267 386 2332 donarunt:
424 2271 475 2350 tu,
503 2269 611 2332 animo
633 2269 753 2332 maiore
775 2289 873 2352 quam
896 2267 1009 2350 ceteri,
1031 2289 1086 2351 pa-

116 2353 199 2417 riter
224 2351 373 2438 indulges
402 2355 435 2416 et
456 2352 540 2437 quod
563 2354 665 2436 pietas
687 2356 744 2416 tua
764 2351 863 2416 habet
886 2351 1085 2416 carissimum
1099 2369 1125 2411 2⁵

116 2440 149 2502 et
178 2436 265 2520 quod
291 2437 423 2502 fortuna
449 2436 667 2522 praecipuum.
717 2459 777 2501 nec
804 2441 914 2500 tamen
941 2435 1087 2500 miranda

116 2520 181 2586 ista
194 2521 230 2586 in
244 2524 277 2586 te
293 2525 351 2604 est,
373 2521 578 2606 Maximiano,
603 2522 704 2586 animi
720 2521 920 2607 magnitudo,
944 2521 978 2585 in
993 2541 1087 2604 quem

116 2605 149 2670 di
177 2605 374 2673 immortales
401 2611 494 2672 tanta
519 2611 753 2692 congesserunt
780 2610 812 2671 et
837 2609 973 2670 naturae
1001 2605 1087 2670 bona
1136 2623 1137 2626 ’

117 2693 150 2754 et
172 2695 362 2756 ornamenta
383 2693 531 2756 fortunae
555 2697 606 2773 ut,
637 2693 783 2776 quamuis
810 2692 948 2755 maxima
969 2690 1087 2774 largia-

116 2775 172 2860 ris,
193 2776 241 2840 ita
257 2798 357 2860 penes
371 2778 404 2841 te
427 2777 491 2842 sint
507 2777 623 2856 omnia,
647 2778 739 2860 quasi
762 2799 799 2840 ea
820 2775 906 2840 solus
929 2774 1085 2857 optineas.
1100 2791 1126 2832 oc

117 2863 154 2924 ut
175 2861 262 2925 eninr
281 2861 336 2926 ille
358 2862 414 2947 qui
435 2882 544 2926 omnes
561 2881 660 2945 aquas
683 2861 770 2924 eaelo
793 2864 826 2924 et
840 2861 934 2923 terris
956 2859 1089 2942 praebet

187 3035 200 3082 1
220 3033 277 3082 suis
296 3047 321 3081 w
344 3031 354 3098 11
379 3030 518 3098 ttamen]
540 3037 631 3082 autem
650 3033 781 3082 Liuineius
805 3030 815 3096 11
838 3034 854 3082 3
872 3033 962 3080 tamen
980 3033 1088 3080 tantum

117 3100 141 3147 Δ
152 3101 197 3148 W:
217 3106 325 3150 tantum
343 3109 434 3151 tamen
451 3102 537 3149 BGV
561 3097 571 3165 1
601 3104 616 3150 5
634 3096 799 3166 uoluptatis]
817 3097 976 3148 diuinitatis
994 3099 1011 3144 G
1027 3097 1031 3160 1
1047 3100 1087 3147 in-

118 3166 223 3218 tuendo
241 3169 415 3232 inspiciendo
427 3170 450 3217 A
460 3168 592 3218 WBertt
612 3169 709 3232 inspic.
726 3167 857 3217 intuendo
875 3168 895 3215 B
908 3167 925 3216 0
936 3168 959 3215 V
971 3164 981 3231 1
994 3169 1009 3216 8
1027 3181 1088 3230 pro·

118 3234 234 3284 ferendo
252 3238 361 3299 scripsi:
380 3236 561 3300 promerendo
573 3239 601 3285 Η
619 3235 768 3300 promendo
782 3237 858 3300 Cusp.
871 3231 881 3299 11
898 3237 914 3284 9
932 3241 963 3283 ut
974 3237 1020 3283 W:
1040 3238 1089 3282 aut

118 3302 258 3366 ANV!
274 3304 432 3354 uerecunda
451 3302 495 3368 011
514 3306 544 3354 11
563 3311 670 3368 stepo:
693 3303 741 3353 ssd
758 3305 785 3351 Π
805 3301 808 3366 1
828 3297 906 3367 tuno]
926 3306 983 3352 tum
1004 3301 1086 3366 Bert,

119 3371 203 3419 orac
227 3367 237 3435 11
263 3373 294 3420 14
314 3372 544 3436 praedestinatas
565 3372 655 3437 Cura:
673 3371 852 3436 prestinabas
870 3371 897 3418 lt
923 3367 933 3435 11
964 3371 995 3420 16
1014 3369 1088 3418 frue-

120 3437 187 3487 reris
207 3438 291 3488 AW:
310 3439 410 3490 frueris
428 3439 448 3486 B
467 3441 483 3488 0
502 3440 523 3488 V
545 3436 556 3505 11
578 3442 611 3490 22
631 3433 714 3505 inter]
734 3445 847 3504 praeter
865 3439 1000 3488 Acidaliae
1023 3434 1035 3502 11
1055 3437 1089 3484 30

120 3502 176 3555 nint
194 3507 270 3558 eda:
289 3511 354 3556 sunt
370 3509 397 3556 Π
