2578 4000
349 169 605 223 corsrrnrrro
624 170 805 222 ruousro.
824 174 898 223 1-3.
1047 171 1106 234 181
1129 191 1130 194 ¹

135 321 205 384 fere
229 317 396 382 ciuitatum
419 321 473 382 111
488 318 614 402 publice
637 319 726 383 missi
749 324 805 384 aut
823 342 881 404 pro
903 342 936 385 se
952 321 1012 386 tibi
1035 343 1107 406 sup·
1184 389 1187 398 ,

135 404 237 487 plicas
266 403 386 485 assint,
416 402 536 487 dicam,
569 403 758 488 imperator,
796 426 834 469 ea
862 426 943 488 quae
970 406 1107 470 libenter

136 509 307 573 agnoscas,
329 491 366 552 ut
389 487 486 552 ceteri
507 488 599 551 nobis
622 487 747 552 indulta
767 510 833 554 non
857 489 1022 554 crederent
1042 491 1106 555 nisi

135 575 169 636 11
192 576 388 656 agnoscente
410 571 570 637 dixissem.
621 573 758 655 primum
782 577 831 638 est
852 577 973 657 autem,
1002 596 1106 639 sacra·

135 657 260 721 tissime
291 658 483 740 imperator,
518 657 552 720 in
581 657 713 742 agendis
736 658 853 805 gratiis
880 658 1046 724 ostendere
1073 658 1131 723 ida

158 741 222 806 uod
237 741 397 806 indultum
419 740 462 804 sit
482 761 550 804 non
568 741 721 806 fortuitae
752 742 911 827 elicitatis,
935 743 990 808 sed
1004 744 1106 808 iustae

134 763 236 890 trisse
260 825 457 890 clementiae.
501 847 578 889 nanr
605 847 677 891 oum
700 848 809 892 omnes
831 827 977 892 homines
1000 849 1107 892 coram

135 931 203 975 non
225 910 409 995 indigentes
431 911 540 974 iuuare
562 910 640 975 boni
662 912 704 975 sit
725 912 896 998 principie,
923 916 991 977 tum
1014 933 1106 995 prae-

136 997 230 1078 cipue
266 996 346 1059 bene
379 995 501 1058 meritis
536 998 568 1060 et
601 997 745 1081 grauiter
781 997 903 1062 affectis
937 997 1106 1062 subuenire

136 1079 293 1164 sapientis
316 1081 373 1144 est.
417 1079 595 1165 quodcum
623 1081 792 1146 ostendero
821 1085 976 1146 nontam
999 1082 1144 1147 studi01o

135 1163 368 1248 praedicandae
390 1165 514 1247 patriae
537 1186 626 1230 meae
649 1187 744 1249 quam
766 1166 871 1231 officio
886 1167 1106 1232 demonstran-

136 1249 196 1313 dae
223 1249 445 1334 prouidentiae
472 1253 563 1332 tuae,
592 1253 661 1314 tum
689 1251 853 1336 potissime
879 1251 1107 1315 beneficiorum

135 1337 265 1397 tuorum
287 1331 543 1418 magnitudinem
564 1355 738 1418 persequar
765 1336 883 1400 maiore
912 1338 987 1399 uoto
1010 1357 1106 1419 quarn

135 1419 279 1504 ingenio.
330 1439 488 1502 quaenam
515 1420 616 1504 igitur
642 1440 723 1503 gens
750 1423 818 1484 toto
847 1420 923 1484 orbe
950 1420 1106 1484 1111111111

135 1504 172 1567 in
217 1524 322 1568 amore
364 1501 505 1567 Romani
549 1503 688 1567 nominis
724 1504 846 1569 Aeduis
889 1525 923 1570 se
966 1506 1107 1588 postulet
1120 1525 1144 1566 15

135 1587 314 1670 anteponi?
379 1588 412 1650 11
442 1587 539 1670 primi
568 1589 710 1652 omnium
737 1588 823 1654 inter
851 1589 922 1654 illas
950 1590 1106 1654 immanes
1165 1664 1168 1670 .

136 1676 170 1736 ct
192 1671 344 1736 barbaras
397 1672 491 1736 alliae
514 1676 627 1756 gentes
673 1672 796 1737 lurimis
819 1675 1106 1739 senatusconsultis

134 1757 253 1820 fratres
276 1756 388 1840 populi
408 1755 547 1821 Romani
570 1695 723 1841 appetisti
745 1762 821 1822 sunt
842 1761 890 1840 et,
921 1779 992 1822 cum
1015 1780 1034 1821 a
1057 1779 1106 1822 oe-

135 1841 216 1905 teris
239 1863 260 1906 o
281 1839 439 1905 Rhodano
463 1843 503 1905 ad
526 1840 675 1906 Rhenum
702 1862 801 1925 usquc
823 1843 951 1926 populis
979 1864 1020 1906 ne
1042 1865 1106 1925 pax

136 1926 265 2009 quidem
287 1930 395 2010 posset
416 1927 481 1990 nisi
500 1930 650 2012 suspecta
673 1927 810 2011 sperari,
842 1927 919 1990 olim
941 1928 1005 1991 iam
1030 1949 1105 1991 oon·
1119 1949 1144 1986 ao

136 2011 369 2094 sanguinitatis
384 2012 515 2075 nomine
530 2011 661 2096 gloriati
676 2014 752 2076 sunt
770 2015 802 2075 11
816 2033 927 2096 nuper,
951 2015 987 2075 11
1002 2011 1106 2077 media

134 2096 347 2179 praeteream,
370 2096 480 2159 diuum
503 2095 672 2161 Claudium
693 2099 860 2181 parentem
882 2100 974 2160 tuum
996 2096 1036 2160 ad
1058 2119 1106 2160 re-

136 2178 335 2262 cuperandas
357 2179 479 2244 Gallias
502 2181 562 2244 soli
584 2184 780 2248 uocauerunt
802 2185 834 2246 et
856 2183 931 2246 ante
952 2181 1106 2265 paucissi-

134 2285 206 2328 mos
235 2285 351 2343 annos,
389 2265 474 2347 quod
501 2265 640 2330 maxime
667 2266 931 2349 praedicandum,
967 2267 1106 2351 plurima
1159 2297 1162 2302 ·

133 2347 238 2432 patris
260 2349 309 2413 toi
323 2348 480 2414 beneficia
501 2351 621 2432 partim
637 2351 732 2414 rebus
755 2350 869 2415 effecta
883 2353 1104 2435 perceperunt,
1119 2367 1144 2410 rs

134 2433 256 2516 partim
278 2433 384 2497 animo
407 2433 591 2518 significata
612 2434 784 2498 laetantur.

201 2517 260 2581 1Π.
293 2517 370 2581 Fuit
392 2518 468 2582 olim
491 2517 652 2604 Saguntos
674 2519 846 2602 foederata,
869 2518 924 2583 sed
947 2539 1018 2582 cum
1040 2519 1105 2581 iam

135 2601 244 2666 taedio
266 2601 380 2666 Punici
402 2603 479 2667 belli
506 2624 626 2668 nouare
652 2604 822 2688 imperium
850 2603 953 2667 omnis
976 2605 1107 2687 cuperet

134 2685 311 2772 Hispania,
333 2687 396 2751 fuit
418 2689 521 2753 amioa
536 2687 690 2772 Massilia,
714 2690 769 2752 sed
788 2689 915 2773 protegi
937 2689 1105 2751 maiestate

134 2769 285 2836 Romano
312 2772 548 2856 gratulabatur3
581 2774 779 2856 imputauere
806 2793 840 2837 se
868 2773 993 2856 origine
1015 2772 1104 2834 fabu—
1117 2792 1144 2832 ac

205 2962 221 3008 2
241 2965 338 3010 assunt
355 2961 379 3009 Δ
394 2958 404 3025 ll
421 2962 437 3010 4
455 2975 511 3010 sac.
528 2961 552 3009 Α
563 2961 584 3010 B
597 2963 615 3009 (1
627 2961 661 3008 v=
680 2975 758 3009 sacer
776 2961 809 3007 W
826 2960 918 3010 Molot.
943 2957 947 3026 Ι
965 2961 980 3009 7
1000 2955 1104 3024 coram]

136 3029 220 3078 etiam
238 3028 270 3075 W
288 3025 298 3092 ΙΙ
316 3029 331 3078 8
350 3023 420 3093 tum]
440 3032 531 3078 tamen
549 3025 598 3092 111
616 3030 631 3078 9
650 3027 765 3077 efflictis
785 3028 919 3078 Acidalioa
942 3027 947 3094 Ι
965 3029 1105 3078 104111111-

135 3094 202 3144 dero
221 3095 295 3144 Bert.
313 3109 350 3144 w:
375 3096 516 3146 ostendere
533 3096 561 3143 1
583 3094 593 3160 11
619 3098 650 3146 13
668 3100 742 3146 tuam
759 3103 819 3160 post
837 3095 1054 3160 magnitudinem
1072 3095 1103 3156 A,

134 3171 194 3213 onte
213 3164 315 3212 maiore
334 3162 464 3211 ΝΠ
476 3163 569 3213 Malot.
590 3165 701 3214 addant:
720 3179 767 3214 om.
780 3162 856 3214 Bert.
874 3161 878 3226 Ι
896 3177 1047 3228 persequar
1064 3177 1105 3211 m:

133 3244 287 3295 prosequar
304 3232 331 3279 11
351 3227 361 3294 [l
388 3233 417 3280 19
437 3247 454 3280 1
472 3232 620 3282 Acidaliae:
638 3247 684 3281 om.
704 3232 732 3279 1
755 3227 765 3295 ΙΙ
789 3233 823 3282 20
841 3229 906 3280 olim
924 3231 979 3280 iam
996 3232 1105 3294 sortpsi:

134 3299 188 3348 soli
206 3298 233 3345 tt
253 3299 337 3347 1111111
354 3298 377 3346 Δ
394 3299 428 3345 W
445 3297 520 3348 Bert.
538 3299 629 3352 Molat.
649 3303 675 3347 et
692 3300 712 3347 B
731 3301 748 3347 c
766 3299 788 3345 V
804 3295 814 3362 ΙΙ
835 3300 868 3349 26
886 3297 1069 3364 significatam
1088 3301 1105 3346 c

135 3363 147 3429 11
177 3367 211 3414 27
229 3363 367 3430 Saguntos
385 3367 415 3414 t:
440 3369 571 3430 segyntos
589 3367 612 3415 A
630 3368 652 3415 V
671 3367 765 3418 Molot.
789 3365 915 3430 sagintos
931 3368 952 3415 B
970 3370 1105 3432 saguntus

132 3431 185 3498 1111
207 3435 240 3483 29
259 3433 307 3483 sed
324 3433 432 3497 protegi
449 3435 557 3498 scripsi:
575 3434 684 3499 protegi
702 3449 731 3484 se
750 3435 777 3482 tt
795 3434 841 3484 sed
859 3436 966 3500 protegi
985 3451 1014 3486 se
1033 3435 1105 3483 Liui·

133 3502 206 3551 netur
230 3497 240 3566 ΙΙ
264 3502 297 3552 30
315 3501 420 3550 romani
436 3500 473 3563 A;
492 3517 525 3550 on
543 3517 569 3566 p.
588 3502 713 3552 romani?
