2578 4000
194 202 259 267 230
521 201 555 252 x.
585 201 734 251 rszrnu
751 199 834 250 Pru.

195 372 343 434 campum
369 349 435 414 late
466 350 624 414 iacentem
650 352 761 412 tantus
793 348 885 412 miles
913 347 1102 432 oppleuerst
1128 352 1165 412 ut

195 457 260 499 non
301 434 499 518 improbaret
534 433 684 497 fiduciam
724 433 779 516 qui
814 433 988 497 instructos
1026 433 1162 496 uideret.

195 540 276 602 quac
305 519 389 582 enim
418 519 474 581 ills
501 518 598 582 fuisse
621 517 738 581 dicitnr
765 518 911 602 species?
946 538 1042 600 quern
1070 518 1163 580 atrox

195 602 290 668 uisu?
320 624 416 686 quum
437 601 669 669 formidolosa?
701 603 898 684 operimento
919 600 997 664 ferri
1020 600 1094 683 equi
1116 605 1163 664 at·

169 707 257 772 uque
272 686 418 752 homines
433 687 554 770 pariter
574 686 729 769 obsaepti.
759 685 941 750 clibanariis
963 685 999 748 in
1020 684 1163 750 exercitu

195 793 313 836 nomeu
326 775 383 836 est.
407 792 543 854 superne
553 770 736 835 hominibus
747 770 852 853 tectis,
867 791 1018 854 equorum
1030 773 1164 853 pectora

195 856 302 920 oribus
325 857 462 920 demisse
484 855 583 918 lorica
608 858 640 919 et
662 876 788 920 crurum
810 857 904 918 tenus
927 853 1069 951 pendens
1092 854 1163 918 siue

194 940 421 1022 impedimento
443 960 572 1023 gressus
594 962 614 1002 a
635 961 721 1004 noxa
742 939 883 1003 uulneris
904 937 1100 1002 uindicubot.

257 1022 378 1086 XXIII.
425 1023 470 1086 Te
497 1029 622 1105 tumen,
650 1025 837 1106 imperator,
867 1044 934 1087 non
960 1022 1075 1086 terruit
1101 1042 1162 1086 nec

156 1129 181 1168 ro
194 1108 277 1190 quod
292 1109 384 1171 tanto
407 1107 605 1171 munimento
625 1107 808 1191 duplicabat
827 1111 989 1172 armature
1006 1111 1161 1170 terrorem

193 1212 256 1255 nec
266 1192 349 1275 quod
360 1192 427 1255 uim
438 1191 534 1256 armis
546 1213 697 1256 numerus
709 1192 855 1256 addebat
878 1191 1162 1256 certumcstcnim

193 1297 252 1357 pro
274 1276 396 1360 negotii
418 1277 513 1340 modo
535 1276 713 1341 animosam
735 1298 805 1340 esse
826 1277 992 1358 uirtutem,
1014 1275 1100 1358 quod
1122 1296 1161 1337 ex

194 1360 1160 1509 tibitibiiilidtmietbittristitie

156 1528 330 1611 intentior,
359 1529 414 1592 ubi
441 1550 560 1614 magna
586 1496 759 1612 ucberuut,
787 1529 876 1593 iuxta
905 1527 1161 1613 magnitudinem

195 1612 385 1676 exanclandi
400 1614 506 1697 operis
522 1614 665 1698 erigItur.
694 1614 750 1678 illa
764 1635 923 1678 armorum
939 1613 1114 1678 ostentatio
1130 1615 1162 1676 et

193 1697 296 1779 operti
306 1696 392 1761 ferro
405 1698 573 1781 exercItus,
586 1699 641 1783 qui
651 1697 796 1763 imbelles
809 1698 916 1763 oculos
928 1697 1161 1778 uulnerusscnt,

192 1779 331 1844 inuictos
359 1787 482 1846 mentes
509 1783 736 1848 incitauerunt.
781 1783 880 1866 quid?
907 1782 990 1866 quod
1018 1781 1159 1846 imbutus

193 1865 395 1947 imperatoris
418 1867 562 1950 exemplo
577 1868 655 1932 totis
679 1868 794 1932 animis
817 1867 883 1932 eius
903 1866 994 1930 miles
1010 1865 1158 1943 ardescit,

155 1966 181 2008 so
195 1970 268 2013 cum
282 1950 408 2014 inuenit
422 1949 556 2034 hostem,
578 1974 671 2036 quem
687 1952 774 2017 uinci
789 1949 937 2016 deceret?
965 1949 1159 2016 catafractos

194 2035 331 2117 equites,
360 2036 395 2097 iu
418 2034 530 2117 quibus
551 2037 724 2100 maximum
746 2038 879 2100 steterat
923 2057 1029 2120 ugnas
1051 2034 1159 2115 robur,

192 2118 261 2199 ipse
281 2117 341 2180 tibi
363 2119 472 2180 sumis.
499 2117 550 2182 his
571 2119 739 2202 disciplina
760 2057 925 2206 pugnandi
948 2122 1063 2202 estut,
1087 2139 1159 2182 cum

193 2200 293 2264 eciem
316 2201 538 2286 arieteucrint,
567 2207 698 2268 seruent
719 2204 939 2288 impressionis
961 2207 1105 2267 tenorem
1128 2205 1160 2266 et

192 2283 343 2348 immunis
365 2286 548 2369 uulnerum,
571 2288 722 2373 quicquid
743 2290 939 2373 oppositum,
965 2288 1034 2352 sine
1056 2286 1159 2350 haesi·

154 2369 316 2432 rotatione
335 2375 554 2518 perrumpant.

255 2452 333 2518 XXI
368 2504 375 2518 .
427 2454 488 2520 Sed
519 2459 569 2537 tu,
602 2457 779 2540 imperator
807 2456 1069 2541 prudentissime,
1104 2454 1158 2538 qui

191 2557 301 2600 omnes
319 2537 460 2602 bellandi
482 2540 550 2604 uius
573 2561 694 2626 nosses,
718 2563 811 2626 opem
833 2564 870 2606 ex
892 2541 1024 2626 ingenio
1046 2560 1158 2623 reppe-

191 2619 278 2684 risti:
314 2622 398 2705 quod
420 2623 616 2687 tutissimum
638 2631 682 2690 esi
709 2625 835 2690 eludere
857 2647 936 2709 quos
961 2628 1011 2688 est
1031 2622 1157 2688 difficil-

191 2704 305 2769 limum
327 2707 498 2791 sustinere,
533 2707 662 2772 diducta
684 2711 751 2774 acie
773 2713 809 2775 irc
830 2709 1078 2774 inreuocabilcm
1100 2709 1157 2772 im·

261 2915 271 2960 l
292 2911 348 2962 lete
367 2914 412 2961 W:
431 2911 493 2962 laxs
512 2914 535 2961 Δ
546 2914 566 2963 Β
579 2915 596 2961 (l
609 2913 631 2962 V
644 2913 718 2964 Ber-i.
736 2912 746 2980 l
762 2918 780 2964 4
797 2916 859 2964 uisu
877 2931 922 2965 om.
941 2917 958 2962 (l
975 2911 985 2978 l
1007 2917 1022 2964 5
1041 2913 1158 2963 hominis

190 2981 227 3040 1,
245 2994 314 3029 corr.
332 2994 356 3028 w
385 2979 394 3042 η
424 2981 440 3028 6
458 2979 611 3030 hominibus
628 2983 737 3045 scripsi:
756 2983 883 3032 omuibus
900 2984 927 3031 1
947 2983 951 3042 1
972 2987 1088 3047 pectora
1105 2981 1156 3031 ori·

189 3046 241 3096 bus
257 3049 367 3110 scripsi:
386 3046 542 3110 pectoribus
560 3049 587 3096 lli
608 3044 619 3112 l}
641 3051 672 3100 10
690 3050 856 3100 munimento
874 3052 983 3114 scripsi:
1000 3064 1114 3099 numero
1130 3048 1157 3095 1

192 3109 204 3178 ll
235 3116 264 3163 ll
284 3115 356 3163 enim
374 3115 458 3167 omli
488 3111 498 3178 l
529 3117 560 3165 13
579 3117 671 3180 specie
691 3116 760 3180 (spi)
778 3119 886 3180 scripsi:
909 3131 937 3167 se
955 3119 983 3164 lt
1001 3117 1071 3166 serie
1089 3129 1115 3164 w
1142 3111 1153 3179 Η

191 3179 223 3228 16
241 3180 405 3231 exuuclsndi
421 3182 446 3229 Α
464 3181 592 3231 exulandi
610 3184 628 3229 (l
647 3183 767 3233 audendi
784 3197 809 3232 w
825 3183 836 3250 ΙΙ
855 3187 886 3236 18
904 3184 970 3249 quid
986 3200 1048 3250 epo:
1067 3200 1113 3234 om.
1130 3183 1158 3232 1

192 3243 204 3310 ll
224 3247 259 3306 22
275 3247 323 3296 tibi
342 3265 388 3298 om.
407 3249 430 3296 A
445 3246 449 3310 Ι
464 3253 495 3298 ut
513 3251 683 3301 Arnlzcnius:
701 3267 748 3302 om.
767 3253 794 3300 si
815 3251 825 3317 ΙΙ
845 3254 878 3303 23
896 3252 1088 3317 impressiones
1106 3246 1154 3313 bil

189 3317 321 3363 terrorem
339 3328 363 3362 w
385 3313 395 3378 l}
415 3318 449 3364 24
466 3315 574 3365 iunums
591 3317 614 3364 Δ
631 3319 764 3368 immunes
782 3332 807 3367 w
822 3327 826 3383 Ι
842 3319 971 3384 quicquid
988 3321 1010 3368 Δ
1025 3331 1064 3367 w:
1083 3318 1157 3380 quic·

188 3393 270 3496 poem
289 3387 347 3428 cett.
373 3379 382 3444 ll
409 3383 704 3434 iBestedd.:om.1
728 3385 734 3449 Ι
757 3385 858 3436 elidere
875 3389 903 3434 lt
920 3387 994 3436 Berl.
1022 3403 1056 3435 ari
1073 3384 1157 3435 silini-

206 3448 270 3496 ere?
291 3444 294 3508 Ι
320 3460 387 3510 quos
404 3449 545 3512 Jaeperus:
564 3451 635 3516 quod
651 3453 679 3500 Ι
707 3451 717 3517 l
746 3455 779 3505 29
797 3454 916 3504 deducis
934 3455 955 3503 B
973 3455 990 3501 c
1008 3455 1031 3501 V
1049 3451 1081 3500 W
1102 3449 1106 3516 Ι
1128 3453 1156 3500 in

190 3513 329 3564 Gruterus:
347 3529 394 3564 om.
413 3516 442 3561 1
456 3519 460 3580 Ι
476 3516 652 3568 irreuocsbili
670 3517 776 3585 impetu
792 3535 818 3570 w
