2586 3996
189 210 254 274 280
512 213 573 264 ΧΠ.
602 211 733 262 ΡΑΟΑΤΙ
752 211 831 262 PAN.

183 361 338 426 inclinata
361 363 451 443 sunt,
486 363 522 425 ut
549 364 634 425 stare
660 360 709 425 sol
735 361 855 426 nescit:
891 361 937 424 ita
964 363 1024 444 tu,
1055 361 1159 444 impe·

184 450 289 528 rator,
328 445 524 510 continuatis
553 446 692 530 negotiis
725 447 819 509 etin
847 467 881 510 se
911 445 1050 528 quodam
1079 445 1159 509 orbe

184 530 391 595 redeuntibus
414 551 539 613 semper
561 532 718 596 exercitus
741 551 785 594 es.
821 529 877 594 uix
897 533 984 595 tecta
1006 529 1158 613 Hispana

185 635 397 680 successeras:
430 615 495 680 iam
524 613 710 680 Sarmaticis
738 615 952 680 tabernaculis
979 614 1155 698 tegebaris.

159 699 239 764 suix
267 700 400 764 emerita
428 721 517 762 arma
544 699 773 783 suspenderas:
810 700 874 764 iam
900 698 986 762 hosti
1013 701 1157 762 armatus

184 783 339 848 instabas.
384 783 439 847 uix
466 783 623 847 Hiberum
650 787 742 848 tuum
769 783 912 847 uideres:
950 783 1014 846 iam
1041 782 1156 846 Histro

184 869 424 951 praetendebas.
453 889 494 932 ne
515 871 583 933 turn
599 868 738 952 quidem,
762 889 832 932 cum
855 869 889 933 in
913 867 1060 931 altiorem
1081 887 1157 949 pro

183 955 296 1016 uectus
318 953 453 1037 gradum
475 953 585 1016 iubere
603 955 729 1016 tantum
751 956 784 1016 et
798 952 940 1016 diuidere
963 973 1036 1015 cum
1057 971 1158 1034 nego-

183 1036 238 1099 tiis
260 1037 360 1100 otium
383 1039 416 1100 et
436 1040 529 1118 parta
550 1036 654 1120 gloria
675 1037 764 1100 uelut
785 1037 927 1119 reposito
950 1036 1014 1099 frui
1033 1056 1157 1119 posses,

146 1141 171 1180 ιο
184 1119 298 1184 honori
325 1141 462 1204 operans
490 1121 642 1185 remisisti
668 1121 746 1205 quin
774 1121 916 1184 omnium
945 1119 1157 1184 castrensium

183 1225 352 1270 munerum
378 1225 528 1269 numeros
556 1205 679 1289 primus
712 1208 768 1269 aut
796 1226 868 1268 cum
895 1205 1007 1288 primis
1037 1204 1156 1286 obires,

184 1292 269 1354 stare
290 1311 349 1372 pro
372 1289 485 1374 signis,
509 1289 659 1354 excubias
682 1292 767 1354 sorte
789 1310 895 1374 agere,
918 1289 1039 1352 uallum
1059 1287 1158 1371 ferre,

183 1373 291 1439 locum
316 1374 401 1439 bello
430 1377 636 1458 antecapere,
668 1374 865 1458 speculatum
894 1374 1019 1470 egredi,
1050 1375 1158 1436 castra

184 1459 314 1542 meteri,
348 1459 382 1522 in
405 1459 562 1543 proeliutn
589 1460 711 1542 primus
736 1459 800 1541 ire,
827 1458 950 1541 proel1o
973 1460 1158 1541 postremus

146 1561 172 1601 15
185 1542 353 1626 excedere,
377 1543 440 1607 dux
462 1564 531 1608 esse
553 1542 705 1625 consilio,
730 1542 821 1606 miles
844 1541 1004 1624 exemplo:
1032 1541 1160 1604 utiam

184 1631 253 1690 tum
267 1630 378 1710 posset
392 1627 539 1712 intellegi
560 1627 641 1691 alios
660 1627 845 1711 imperatori
860 1647 1014 1711 pugnare,
1036 1629 1069 1688 te
1083 1625 1156 1690 tibi.

184 1709 265 1774 illud
289 1715 399 1776 tamen
425 1733 501 1795 prae
531 1712 645 1776 ceteris
672 1713 789 1776 mirum
817 1710 915 1794 quod,
946 1733 1017 1774 oum
1046 1711 1160 1773 omnia

185 1795 306 1859 faceres
333 1798 381 1860 uti
407 1797 566 1880 imperare
594 1797 741 1878 deberes,
771 1795 853 1860 nihil
875 1799 984 1860 tamen
1010 1793 1158 1858 faciebas

184 1882 222 1943 ut
243 1880 427 1962 imperares.

147 1983 172 2022 ιο
249 1963 305 2028 XI.
327 1967 529 2050 Argumento
546 1967 595 2028 est
608 1964 676 2028 dies
691 1964 745 2028 ille
761 1963 938 2029 eommunis
950 1963 1028 2026 boni
1043 1965 1159 2026 auctor

185 2052 321 2132 quotu,
354 2072 425 2114 curn
454 2051 494 2113 ad
520 2048 756 2131 suscipiendam
783 2047 1035 2132 rempublicam
1062 2067 1158 2111 uoca-

185 2132 287 2214 baris,
315 2134 459 2197 oblatum
486 2133 655 2216 imperium
678 2131 865 2215 deprecatus
891 2153 942 2216 es,
979 2151 1039 2196 neo
1059 2131 1094 2194 id
1117 2131 1159 2194 ad

185 2217 324 2297 speciem
352 2221 480 2280 tanturn
508 2218 563 2299 qui
592 2217 665 2302 cogi
693 2214 861 2299 uidereris,
894 2218 949 2281 sed
978 2215 1096 2280 obnixe
1125 2219 1160 2278 et

186 2298 241 2362 diu
262 2302 294 2363 et
308 2300 398 2376 uelut
411 2300 640 2385 impetraturus
661 2301 766 2385 egisti.
795 2300 914 2385 quippe
936 2302 1046 2365 aberat
1061 2321 1160 2364 eausa

147 2401 172 2442 2⁵
186 2383 341 2468 fingendi.
391 2407 458 2450 non
486 2385 572 2449 enim
599 2389 632 2450 te
659 2386 810 2469 princeps
837 2386 922 2450 solus
951 2388 983 2448 et
1008 2384 1095 2448 domi
1125 2387 1159 2447 et

185 2471 349 2552 tamquam
371 2472 544 2553 temptaret
569 2470 729 2552 ambibat,
759 2469 815 2533 sed
836 2470 963 2554 publice
991 2471 1024 2532 et
1045 2468 1080 2532 in
1103 2489 1158 2531 co-

186 2552 278 2616 mitio
307 2558 339 2616 et
365 2557 401 2616 ut
430 2555 516 2618 aliud
543 2555 606 2618 ism
635 2555 739 2618 facere
770 2576 837 2618 non
864 2557 988 2637 posset3
1024 2573 1160 2638 prorsus

187 2639 231 2720 ut,
254 2637 317 2701 nisi
338 2637 510 2721 imperium
530 2639 644 2702 affectu
667 2637 804 2721 simplici
819 2638 987 2720 noluisses,
1012 2637 1158 2721 potieris

187 2720 270 2786 uelle
292 2743 430 2787 securus.
464 2723 660 2807 expostulari
682 2722 742 2787 hoc
765 2723 834 2786 loco
855 2726 962 2787 tecum
983 2723 1030 2786 rei
1052 2720 1159 2804 publi·

148 2824 174 2864 eo
189 2826 243 2870 cae
264 2807 370 2871 uerbis
392 2829 521 2872 necesse
540 2811 600 2892 est,
621 2828 704 2891 quae
726 2808 761 2870 in
777 2828 933 2870 summam
948 2808 1004 2869 tua
1026 2807 1158 2869 cuncta-

189 2960 391 2969 m·—

256 3063 422 3114 linclineta
439 3065 547 3127 scripsi:
574 3063 719 3127 inquinata
735 3065 763 3110 1
784 3063 814 3112 in
833 3063 910 3112 uicta
927 3075 952 3110 w
986 3058 997 3125 l
1031 3063 1047 3110 6
1069 3058 1158 3110 histro

186 3129 453 3195 castrametantes
469 3128 479 3194 ΙΙ
497 3128 592 3195 itum]
613 3129 640 3180 tir
654 3131 677 3178 Δ
693 3128 703 3195 ΙΙ
720 3131 736 3182 8
754 3079 898 3194 cumdium
911 3129 964 3177 GV
982 3125 992 3193 ΙΙ
1011 3130 1042 3179 10
1060 3127 1160 3176 honori

186 3196 222 3243 A:
240 3196 343 3248 honore
360 3200 381 3247 B
400 3200 417 3247 c
434 3198 457 3244 V
474 3199 507 3246 W
525 3212 606 3262 onere
625 3198 762 3256 Puteanus,
781 3199 831 3247 del.
852 3196 1021 3261 Scleffemsl
1041 3208 1160 3259 operans

186 3265 298 3327 scripsi:
320 3281 335 3314 o
355 3281 429 3315 eram
446 3267 474 3312 1
503 3262 513 3329 ΙΙ
543 3267 573 3315 11
592 3280 734 3314 numerum
752 3279 877 3314 numeros
895 3265 918 3312 Δ
947 3261 957 3328 ΙΙ
988 3264 1019 3312 12
1038 3263 1108 3310 serre
1127 3276 1158 3327 g:

188 3329 271 3381 ferire
288 3334 316 3379 1
333 3282 354 3396 ΙΓ
365 3335 396 3382 16
416 3327 483 3398 tum]
503 3340 597 3383 tamen
614 3334 635 3382 B
654 3332 674 3379 V
690 3329 695 3398 Ι
710 3331 750 3383 ibi
768 3332 785 3379 0
805 3329 815 3396 ΙΙ
836 3335 867 3381 21
888 3345 949 3380 cum
966 3335 998 3379 tn
1013 3330 1034 3377 B
1052 3329 1076 3378 V
1125 3331 1159 3378 22

188 3411 238 3446 nee
255 3395 284 3446 id
302 3399 338 3446 ad
355 3399 431 3448 Bert.
449 3413 487 3448 w:
505 3401 568 3450 neci
586 3399 636 3451 dae
653 3402 681 3448 li
698 3399 762 3460 (nec
778 3399 829 3449 das
845 3413 893 3448 ru
911 3397 1020 3448 netidas
1038 3395 1073 3460 nr)
1125 3399 1159 3447 23

187 3469 294 3515 tantum
314 3467 362 3527 qui
378 3468 487 3529 scripsi:
511 3471 651 3531 tantumq3
669 3471 700 3516 nt
716 3467 744 3514 11
762 3466 837 3517 Bert.
861 3465 1059 3531 (quantumque
1077 3469 1108 3514 ut
1125 3463 1158 3523 B)

187 3529 201 3596 ll
222 3533 254 3581 27
272 3534 353 3582 malim
371 3538 401 3582 ut
420 3534 466 3596 qui
484 3534 558 3584 aliud
575 3533 585 3599 ΙΙ
602 3537 635 3585 29
653 3533 827 3600 expostulare
845 3531 900 3599 Wl
917 3535 949 3584 30
967 3545 1071 3582 summa
1089 3533 1107 3579 0
1124 3531 1160 3578 W
