2578 4000
208 188 270 252 144
532 191 564 240 V.
594 187 746 238 INCERTI
765 188 845 246 PAN,

207 359 319 404 cruore
340 337 468 402 foedata
490 337 579 402 etin
601 335 744 403 diuersos
768 336 848 400 situs
864 338 979 418 tracte,
1003 336 1100 403 sicuti
1122 335 1175 402 do·

206 424 308 490 lorcm
339 422 508 486 uulnerum
539 422 670 489 fuerant
704 429 827 504 secute,
863 421 1044 505 iacuerunt,
1082 425 1175 506 utque

207 509 294 572 inter
313 506 374 572 hos
394 505 465 592 ipse
486 504 670 570 uexillarius
692 504 868 585 latrocinii,
893 506 982 572 cultu
1003 505 1060 574 illo
1082 527 1177 590 quem

207 593 301 656 uiuus
329 589 507 656 uiolauerui
535 593 651 673 sponte
671 589 817 674 deposito
845 593 877 654 et
897 589 952 659 uix
974 590 1071 660 unius
1093 591 1177 660 uela

183 696 196 738 s
209 677 307 742 minis
322 678 468 760 repertus
482 673 613 742 indicio,
636 674 716 740 adeo
731 696 844 743 uerum
859 673 921 738 sibi
936 673 1061 740 dixerat
1074 679 1177 742 morte
1271 721 1272 758 ,

209 761 327 842 uicino,
352 763 385 825 et
407 759 612 857 interfectum
634 780 668 824 se
689 758 781 856 nolle·
798 758 938 856 agnosci.

208 843 752 994 smmtlildittsslristtf
762 842 1178 1014 1111111ῑέἑοῗὲ

209 1013 282 1078 dem
297 1035 375 1097 quos
391 1012 519 1078 adortus
533 1012 634 1078 fueris
648 1013 799 1091 hostiurn,
822 1011 876 1078 sed
892 1013 1063 1096 praecipue
1079 1013 1178 1078 iuter-
1272 1069 1273 1072 ,

172 1119 197 1159 10
210 1097 302 1162 necio
330 1095 526 1162 Francorum
559 1100 596 1162 ut
621 1097 671 1162 illi
698 1118 823 1182 quoque
851 1095 970 1164 milites
999 1098 1100 1164 uestri
1125 1099 1180 1184 qui

209 1203 267 1266 per
290 1203 427 1248 errorem
450 1181 605 1264 nebulosi,
627 1185 664 1248 ut
684 1181 782 1266 paulo
805 1185 881 1249 ante
902 1181 979 1264 dixi,
1003 1182 1102 1250 meris
1125 1183 1179 1248 ab·

209 1267 312 1331 iuncti
343 1267 383 1332 ad
410 1265 561 1350 oppidum
588 1265 803 1334 Londiniense
830 1269 1059 1351 peruenerunt,
1092 1269 1179 1352 quic-

209 1350 285 1436 quid
319 1372 358 1416 ex
390 1351 610 1418 mercennaria
641 1351 698 1416 ille
732 1350 938 1416 multitudine
971 1350 1180 1418 barbarorum

209 1435 333 1518 proelio
354 1435 570 1519 superfuerat,
597 1457 670 1500 eum
692 1436 817 1520 direpta
838 1435 971 1505 ciuitate
991 1435 1105 1520 fugem
1129 1459 1179 1502 ea·

173 1519 1180 1670 ²⁵Pemeiiiiiiiilltellitimuiilislidett'iiiitiuil

210 1625 356 1752 dideridt
370 1627 517 1772 ssluptem,
539 1689 593 1754 sed
610 1691 706 1754 etiem
721 1690 755 1754 in
772 1689 953 1772 spectaculo
968 1688 1177 1838 uoluptatem.

210 1773 380 1837 euictorie
395 1773 566 1858 multiiuga
585 1777 619 1838 et
633 1773 913 1838 innumerabilium
929 1773 1051 1858 uiump
1075 1795 1177 1855 orum,
1274 1839 1275 1844 ,

210 1877 273 1939 qua
296 1856 482 1922 Britanniae
511 1859 694 1943 restitutae,
723 1877 786 1942 qua
808 1857 1004 1922 Francorum
1031 1879 1104 1942 epm
1125 1880 1177 1944 pe-

172 1961 198 2003 eo
210 1941 298 2005 nitus
320 1943 455 2022 excisae,
478 1939 540 2026 qua
560 1943 670 2008 multis
691 1946 856 2028 praeterea
873 1942 1025 2040 gentibus
1047 1944 1083 2027 in
1106 1963 1177 2010 con·

209 2025 368 2090 iuratione
392 2026 479 2090 illius
502 2026 630 2090 sceleris
652 2027 857 2124 deprehensis
879 2028 1032 2111 imposita
1053 2030 1103 2092 est
1124 2049 1178 2092 ne-

211 2110 342 2173 cessitas
379 2109 589 2206 obsequendi,
634 2110 770 2194 denique
807 2133 871 2196 pree
913 2112 953 2176 ed
988 2115 1178 2196 perpetuam

211 2193 350 2341 guidem
391 2215 493 2258 mans
550 2197 665 2279 urgete
701 2198 791 2261 sunt!
842 2195 982 2282 gloriere
1017 2198 1054 2260 tu
1090 2218 1178 2280 uero,
1275 2241 1276 2248 ,

238 2297 328 2342 aesar
350 2277 484 2363 inuicte,
538 2280 604 2343 ium
625 2283 658 2344 te
679 2280 789 2345 orbem
810 2283 965 2354 terrarum
987 2282 1178 2364 repperisse,

172 2379 197 2422 ss
210 2362 265 2446 qui
281 2359 445 2430 Romanae
466 2363 628 2446 potentiae
648 2364 1005 2450 gloriemrestituendo
1027 2366 1180 2432 naualem

209 2445 359 2512 addidisti
386 2444 520 2530 imperio
541 2449 636 2514 terris
664 2449 813 2514 omnibus
841 2451 942 2514 maius
970 2449 1178 2537 elementum.

210 2531 394 2614 confecisti,
427 2533 574 2615 inquam,
609 2533 744 2616 bellum,
778 2533 895 2600 Oeesar
924 2534 1060 2618 inuicte,
1093 2535 1180 2620 quod

210 2616 335 2679 cunctis
362 2616 547 2700 impendere
568 2618 742 2704 prouinciis
769 2618 939 2684 uidebatur
959 2621 1089 2704 temque
1112 2620 1179 2684 lete

279 2908 291 2954 1
312 2905 414 2970 sydate
431 2908 454 2955 Δ
474 2904 479 2972 Ι
498 2910 592 2958 tracta
609 2907 699 2958 Bere:
718 2910 807 2959 strata
823 2908 847 2958 Δ
863 2908 897 2956 W
915 2912 1021 2960 structe
1037 2909 1059 2958 B
1077 2909 1095 2956 (t
1112 2909 1136 2958 V
1165 2907 1178 2974 Η

208 2974 226 3024 4
244 2973 390 3025 uelaminis
409 2991 455 3026 orn.
473 2973 558 3037 Bere,
575 2977 641 3028 ande
658 2977 836 3041 rescripserim
852 2976 900 3026 uix
917 2974 1013 3028 nultus
1030 2991 1087 3042 rep.
1106 2975 1179 3028 indi-

210 3042 267 3102 ci03
286 3041 418 3092 Liuineius
435 3040 481 3091 uel
500 3040 616 3092 alterius
633 3046 699 3093 com'.
713 3041 751 3108 116
770 3040 809 3108 et]
828 3047 859 3094 nt
876 3045 898 3092 A
916 3058 940 3093 w
956 3041 960 3108 Ι
976 3042 1049 3094 nolle
1067 3045 1179 3109 scripsi:

209 3107 297 3158 nollet
314 3108 341 3156 1
358 3105 368 3172 ΙΙ
389 3109 405 3158 8
424 3107 519 3158 addita
537 3111 554 3160 c
570 3107 575 3173 Ι
590 3125 727 3161 consensu
744 3111 823 3160 AW:
844 3112 992 3162 consensui
1009 3111 1094 3162 BGV
1114 3126 1179 3163 con·

210 3189 293 3224 sensu
311 3175 431 3224 uictoris
454 3177 512 3230 edd.
543 3172 553 3242 ll
583 3179 598 3228 9
620 3177 787 3228 internectio
805 3179 851 3227 W:
874 3179 1040 3229 internectio
1056 3180 1179 3229 nov

209 3239 286 3304 Bere.
304 3237 314 3305 ΙΙ
333 3242 364 3290 12
382 3241 569 3295 Londinieuse
586 3244 609 3294 Δ
626 3245 647 3292 B
665 3244 698 3292 V:
719 3244 888 3297 londonense
906 3246 980 3299 Bert.
997 3245 1180 3298 londoniense

209 3310 243 3358 W
259 3308 494 3360 londunensemc
518 3307 528 3376 ΙΙ
553 3313 585 3364 15
609 3311 780 3364 confecerint
798 3327 835 3363 w:
863 3314 1042 3364 confecerunt
1058 3316 1087 3363 lt
1109 3313 1121 3380 ΙΙ
1146 3317 1180 3366 16

211 3374 299 3426 solum
316 3377 370 3426 AB
383 3378 404 3425 V
416 3377 505 3428 Bere:
524 3379 612 3430 solam
630 3380 647 3427 ῦ
664 3381 697 3428 W
715 3377 725 3444 ΙΙ
747 3382 778 3432 17
787 3381 923 3436 ,dederint
941 3395 978 3430 w:
997 3379 1134 3432 dederunt
1151 3383 1180 3432 1

211 3439 215 3575 1
245 3445 276 3494 19
296 3459 361 3509 opes
378 3447 482 3496 addidi:
500 3462 547 3497 om.
565 3448 592 3496 ll
608 3446 683 3497 uires
701 3450 762 3503 add.
781 3446 873 3513 w1122
892 3465 946 3516 que
964 3451 1069 3508 addidi<
1087 3467 1136 3505 om.
1150 3451 1180 3500 Ι

244 3513 277 3562 23
294 3527 358 3563 uero
376 3517 406 3563 tu
423 3512 540 3578 ὡσπερ.
559 3510 569 3578 Ι]
590 3515 624 3564 24
641 3515 776 3579 reperisse
795 3521 929 3568 terrerum
946 3531 971 3565 w
