2572 3990
102 211 105 222 ¹
188 200 230 264 12
510 202 532 252 1.
561 199 590 250 o.
609 197 725 253 aurun
743 199 826 251 rau.

252 349 327 414 XII.
351 349 396 412 At
411 369 498 412 nunc
515 347 611 412 rediit
623 347 772 412 omnibus
787 352 889 411 terror
900 351 933 412 et
943 350 1048 413 metus
1060 351 1092 412 et
1102 371 1161 413 uo·

186 439 258 498 tum
272 435 429 517 imperata
449 431 600 496 faciendi.
622 432 733 496 uident
748 433 834 495 enim
848 431 1029 497 Romanum
1045 433 1160 498 ducem

188 540 287 602 unum
310 539 349 582 ex
370 517 434 580 illis
455 517 617 580 ueteribus
640 518 673 580 et
694 516 817 598 prisoiS,
842 516 957 599 quibus
985 517 1157 602 imperato-

189 603 272 666 rium
301 623 421 666 nomen
448 600 608 664 addebant
635 601 776 664 contecti
804 600 957 666 caedibus
991 605 1096 686 campi
1124 606 1161 666 et

163 687 309 752 ainfeeta
330 685 476 750 uictoriis
498 685 608 748 maria.
644 685 817 768 accipimus
833 685 960 749 obsides
976 707 1065 770 ergo,
1089 708 1156 751 non

190 771 335 852 emimus,
359 791 419 834 nec
441 768 628 853 ingentibus
652 769 777 833 damnis
799 770 1026 854 immensisque
1047 793 1159 835 mune·

188 856 277 918 ribus
303 853 496 938 paciscimur
523 856 559 917 ut
585 852 764 918 uicerimus.
803 857 929 938 rogant,
957 855 1161 938 supplicantp

190 940 356 1023 largimur,
378 958 545 1022 negamus,
569 939 738 1022 utrumque
761 960 799 1002 ex
824 938 951 1023 imperii
973 940 1160 1006 maiestate:

191 1027 294 1108 agunt
314 1023 436 1108 gratias
459 1023 514 1106 qui
535 1023 803 1105 impetrauerunt3
832 1044 900 1087 non
926 1023 1046 1088 audent
1067 1025 1160 1108 queri

151 1127 177 1165 ιο
191 1107 305 1191 quibus
327 1110 481 1190 negatum
504 1110 561 1171 est.
608 1128 650 1170 an
672 1107 811 1172 audeant
837 1107 892 1192 qui
923 1106 1027 1172 sciant
1048 1111 1081 1172 te
1104 1109 1158 1173 ad·

190 1191 309 1256 sedisse
335 1189 544 1256 ferocissimis
572 1191 698 1274 populis
732 1213 768 1256 eo
797 1192 866 1276 ipso
900 1196 1045 1275 tempore
1072 1193 1158 1276 quod

191 1275 420 1340 amicissimum
434 1275 511 1357 illis,
535 1275 760 1339 difficillimum
775 1275 877 1358 nobis,
903 1297 975 1340 eum
989 1275 1161 1341 Danuuius

189 1361 277 1440 ripas
306 1361 381 1444 gelu
407 1360 513 1444 iungit
544 1359 737 1443 duratusque
765 1361 869 1444 glaeie
896 1361 1043 1446 ingentia
1064 1365 1158 1445 tergo

190 1444 275 1508 bella
295 1447 506 1528 transportat,
531 1465 603 1508 oum
625 1444 712 1508 ferae
734 1451 848 1530 gentes
870 1467 937 1509 non
958 1445 1032 1509 telis
1054 1446 1160 1530 magis

153 1546 178 1585 1⁵
192 1551 287 1612 quam
316 1550 373 1593 suc
396 1528 496 1611 caelo,
525 1550 583 1592 suo
605 1528 708 1592 sidere
737 1529 926 1594 armantur?
960 1530 1015 1593 sed
1045 1531 1100 1594 ubi
1122 1531 1159 1594 in

137 1653 138 1656 =
190 1613 335 1696 proximo
370 1616 416 1696 tu,
449 1634 517 1677 non
547 1634 637 1678 secus
672 1635 710 1677 ac
743 1614 770 1677 si
802 1617 944 1679 mutatae
978 1619 1159 1698 temporum

190 1697 276 1761 uices
306 1702 423 1780 essent,
452 1697 501 1760 illi
527 1698 655 1782 quidem
683 1697 826 1764 latibulis
854 1699 919 1763 suis
948 1698 1047 1763 clausi
1071 1703 1159 1762 tene·

191 1782 324 1864 bantur3
352 1787 463 1848 nostra
492 1783 623 1866 agmina
657 1804 842 1867 percursare
876 1783 904 1846 ri
929 1805 964 1846 as
992 1787 1025 1848 et
1052 1782 1161 1847 aliena

191 1866 369 1948 occasione,
393 1869 421 1930 si
443 1867 655 1951 permitteres,
677 1867 726 1932 uti
746 1867 891 1952 ultroque
937 1868 1051 1932 iemem
1066 1889 1158 1932 suam

151 1969 178 2010 ao
191 1950 335 2014 barbaris
357 1950 478 2015 inferre
499 1950 694 2032 gaudebant.
1077 2011 1086 2026 ,

253 2033 342 2098 XIII.
358 2033 449 2098 Haec
463 2033 523 2096 tibi
538 2035 622 2117 apud
637 2033 745 2099 hostes
760 2036 936 2100 ueneratio.
960 2035 1059 2118 quid?
1074 2036 1160 2120 apud

190 2118 309 2182 milites
336 2139 434 2201 quam
465 2117 708 2183 admirationem
736 2119 1001 2202 quemadmodum
1030 2141 1158 2204 compa-

190 2200 294 2266 rasti?
331 2223 403 2266 cum
434 2203 541 2266 tecum
574 2202 725 2285 inediam,
759 2208 866 2268 tecum
897 2204 1021 2273 ferrent
1054 2205 1160 2286 sitimp

191 2306 263 2349 cum
285 2285 320 2350 in
341 2285 397 2350 illa
418 2286 625 2350 meditatione
641 2289 813 2370 campestri
826 2288 1020 2352 militaribus
1043 2290 1157 2353 turmis

151 2388 178 2428 aa
190 2370 429 2453 imperatorium
450 2371 614 2454 puluerem
642 2372 850 2456 sudoremque
877 2372 1042 2456 misceres,
1075 2373 1159 2436 nihil

191 2476 210 2517 a
236 2455 349 2520 ceteris
377 2455 441 2520 nisi
465 2456 579 2520 robore
606 2478 644 2521 ao
665 2457 863 2540 praestantia
889 2459 1033 2522 diuersus
1055 2458 1158 2522 libero

190 2537 293 2603 Marte
315 2561 403 2603 nunc
425 2539 550 2604 eminus
571 2540 636 2604 tela
658 2539 800 2604 uibrares
827 2563 914 2605 nunc
942 2541 1069 2606 uibrata
1091 2564 1158 2606 sus·

191 2621 321 2707 ciperes,
350 2623 454 2688 alacer
482 2624 601 2688 uirtute
627 2625 766 2688 militum
796 2629 829 2689 et
861 2626 973 2708 laetus,
1007 2627 1158 2709 quotiens

191 2709 247 2769 aut
274 2708 390 2772 cassidi
417 2710 491 2772 tuae
525 2712 579 2771 aut
607 2707 708 2792 clipeo
735 2711 866 2793 grauior
892 2710 974 2774 ictus
1001 2711 1161 2775 incideret

150 2791 353 2873 collaudabas
370 2792 487 2876 quippe
507 2792 660 2856 ferientes
683 2792 926 2876 hortabarisque
940 2797 976 2858 ut
991 2795 1158 2876 auderent,

191 2879 223 2938 et
246 2875 407 2940 audebant
427 2877 522 2962 iam);
554 2899 626 2940 cum
653 2881 814 2961 spectator
842 2879 1081 2962 moderatorque
1108 2879 1157 2943 in-

259 3114 388 3166 iuident
405 3116 449 3165 W:
468 3116 648 3166 uidetrcv
676 3115 686 3182 ΙΙ
716 3118 947 3182 3imperatorum
964 3119 1014 3168 GB
1044 3115 1054 3182 ss
1083 3118 1159 3167 ein-

191 3179 350 3245 digentibus
368 3184 389 3230 B
404 3179 408 3247 Ι
424 3183 532 3234 damnis
545 3197 581 3232 w:
601 3185 697 3235 damus
708 3186 736 3232 Ι
748 3182 759 3249 [Ι
772 3187 786 3235 ‘1
799 3185 964 3248 paciscimur
981 3186 1045 3234 BV:
1065 3187 1157 3251 pasoi-

190 3262 250 3296 mur
270 3248 332 3296 GW
348 3246 358 3314 ΙΙ
376 3252 408 3300 10
426 3265 462 3300 an
480 3267 526 3301 om.
547 3252 587 3312 W,
609 3254 671 3306 odd.
689 3269 719 3302 m.
737 3269 791 3304 rec.
811 3249 815 3317 l
836 3251 978 3304 obsedisse
996 3254 1016 3301 B
1033 3253 1056 3300 V
1084 3250 1095 3317 ll
1124 3255 1159 3302 24

124 3351 125 3354 η
190 3314 372 3366 meditatione
391 3326 551 3381 corruptum
568 3319 735 3370 uelitatione
753 3321 923 3370 Mommsenue
947 3317 957 3384 ΙΙ
980 3321 1014 3370 26
1032 3321 1158 3371 diuersus

190 3383 295 3432 addidi:
313 3398 360 3433 om.
379 3387 407 3431 Η
424 3385 555 3436 differens
573 3401 590 3451 ς
608 3387 716 3437 distans
738 3388 890 3438 anconem
913 3387 1007 3452 dispar
1029 3401 1054 3435 v
1083 3386 1093 3453 l
1123 3389 1157 3438 27

191 3449 460 3517 cominus1,corr.
481 3453 510 3507 G.
531 3453 565 3506 H.
583 3453 740 3516 Sebaeferue
766 3455 771 3518 Ι
797 3455 921 3506 uibrares
939 3469 977 3503 m:
997 3453 1112 3506 librares
1128 3457 1157 3502 Η

188 3514 196 3579 ,l
216 3515 316 3568 librata
334 3533 351 3584 ς
379 3515 389 3583 ΙΙ
418 3521 449 3570 31
470 3525 608 3584 spectator
625 3521 836 3586 moderatorque
854 3537 884 3588 ςε
908 3525 1104 3588 spectatorque
1121 3523 1157 3576 Μ.
