2586 3996
212 150 277 215 314
361 151 425 206 x11.
448 150 821 204 PACATIPAN.THEOD.
835 151 967 202 Auen.
985 153 1026 201 47.

212 300 339 365 fortiter
361 300 559 384 feliciterque
581 299 702 378 fecisti,
730 303 762 364 et
784 302 945 364 annuente
969 298 1102 370 numine
1122 301 1180 362 tuo

214 390 247 450 et
272 388 387 450 senatu
420 385 552 448 fauente
579 383 706 448 dixisse.
756 405 794 448 ea
821 405 897 448 uero
904 433 912 465 ,
949 404 1030 467 quae
1057 381 1181 446 Romae

213 473 306 554 gesta
334 474 425 553 sunt,
462 468 586 552 qualem
607 471 640 532 te
666 468 739 532 urbi
767 468 835 532 dies
857 469 977 551 primus
1003 467 1179 551 inuenerit,

213 553 285 636 quis
312 553 361 616 in'
376 553 464 618 curia
489 553 605 636 fueriS,
640 552 710 636 quis
739 552 774 616 in
801 553 928 636 rostris,
965 555 1001 616 ut
1027 571 1181 636 pompam

188 637 434 722 spraecuntium
456 637 650 702 ferculorum
672 658 766 702 curru
787 636 898 720 mode,
929 637 1023 702 modo
1046 635 1180 718 pedibus

214 723 418 807 subsecutus,
447 722 570 786 alterno
598 721 702 787 clarus
730 721 872 805 incessu,
906 743 992 786 nunc
1015 720 1053 785 de
1075 719 1180 802 bellis,

212 828 301 872 nuno
323 807 363 871 de
385 807 534 890 superbia
555 805 779 890 triumpharis3
809 808 846 869 ut
866 809 899 869 te
921 805 1068 870 omnibus
1089 804 1179 888 prin·

214 891 331 1037 cipem,
355 891 491 976 singuiis
513 891 695 955 exhibueris
717 891 913 972 senatorem,
946 893 982 954 ut
1004 889 1115 954 crebro
1139 889 1181 952 ci-

213 975 245 1038 ui
260 975 332 1058 ique
353 996 526 1060 progressu
553 996 620 1039 non
642 975 770 1059 publica
791 977 917 1038 tantum
945 995 1043 1057 opera
1064 973 1180 1036 lustra·

175 1079 201 1119 ιο
213 1058 313 1141 ueris,
350 1059 406 1124 scd
434 1060 578 1143 priuatas
606 1080 730 1144 quoque
762 1059 855 1123 aedos
884 1059 1002 1122 diuinis
1035 1057 1181 1141 uestigiis

148 1156 151 1163 ’
212 1146 425 1226 consecraris,
456 1151 580 1208 remota
607 1142 751 1208 custodia
776 1143 907 1207 militari
935 1143 1035 1207 tutior
1060 1141 1182 1227 publici

214 1228 331 1292 amoris
358 1227 516 1294 excubiis:
560 1227 674 1292 horum
701 1226 781 1292 haec
808 1228 943 1312 linguis,
971 1226 1103 1308 horum,
1134 1227 1181 1289 in-

213 1333 324 1397 quam,
353 1334 431 1378 uoce
458 1312 629 1378 laudentur
657 1312 712 1398 qui
740 1311 779 1376 de
807 1311 1027 1376 communibus
1055 1309 1180 1396 gaudiis

214 1399 247 1460 et
272 1397 401 1494 dignius
428 1399 539 1482 utique
560 1419 642 1481 quae
669 1397 808 1461 maxima
835 1399 867 1460 ct
893 1397 1009 1460 iustius
1030 1399 1183 1479 poterunt

175 1481 399 1564 1spraed1care
421 1504 501 1566 quae
523 1483 653 1566 propria
674 1485 759 1545 sunt.
808 1503 826 1546 o
848 1501 921 1544 mea
941 1479 1020 1544 felix
1040 1501 1116 1563 pere
1161 1479 1182 1526 ’-

213 1566 319 1631 natio!
356 1566 478 1631 obenc
501 1567 640 1650 suscepti
668 1569 700 1629 ct
721 1564 868 1630 exhausti
889 1564 1029 1629 labores!
1067 1563 1122 1648 qui
1145 1585 1182 1627 us

215 1669 275 1733 ego
310 1651 467 1715 intersum
494 1651 601 1715 bonis!
640 1650 753 1734 quibus
787 1671 882 1733 paror
939 1648 1057 1713 audiis!
1101 1669 1182 1732 quae

213 1754 359 1799 reuersus
395 1736 526 1800 urbibus
564 1733 741 1799 Galliarum
777 1735 968 1818 dispensao
1009 1732 1182 1797 miracula!

214 1819 344 1964 pusulis
377 1820 573 1903 stupentium
606 1818 748 1902 populis,
787 1838 883 1902 quam
914 1817 1016 1882 multo
1050 1817 1184 1881 circum·

176 1919 203 1958 20
237 1903 315 1966 abor
341 1904 503 1987 auditore,
532 1925 605 1967 oum
633 1903 756 1968 dixero:
794 1902 941 1967 ‘Romam
968 1902 1050 1983 uidi,
1078 1900 1183 1966 Theo-

215 1985 338 2051 dosium
371 1988 438 2052 uidi
471 1991 503 2054 et
536 1991 706 2071 utrumque
741 1987 835 2052 simul
867 1987 948 2072 uidi3
992 1985 1059 2050 uidi
1091 1985 1184 2050 illum

213 2069 369 2155 principis
388 2074 523 2154 patrem,
545 2073 612 2135 uidi
633 2072 723 2135 illum
745 2072 901 2154 principis
922 2071 1092 2150 uindicem,
1115 2069 1185 2134 uidi

213 2154 304 2217 illum
339 2155 495 2252 principis
532 2157 776 2219 restitutorem'l
822 2156 861 2219 ad
898 2177 949 2220 me
985 2155 1184 2240 longinquae

215 2239 409 2302 conueniant
431 2238 588 2320 muitates,
612 2261 631 2302 a
652 2261 702 2303 me
725 2244 886 2324 gestarum
910 2239 1054 2304 ordinem
1075 2259 1184 2303 rerum

175 2339 201 2380 rs
214 2321 305 2386 stilus
327 2322 431 2387 omnis
454 2323 604 2407 accipiet,
633 2347 725 2388 ame
748 2327 973 2409 argumentum
995 2325 1138 2406 poetica,
1165 2345 1185 2386 a

213 2427 264 2470 me
292 2406 387 2471 fidem
421 2411 525 2472 sumet
552 2407 697 2474 historia.
746 2409 949 2492 conpensabo
983 2407 1044 2472 tibi
1076 2408 1184 2491 istam,

213 2490 401 2574 imperator,
423 2491 589 2575 iniuriam,
613 2493 654 2576 si,
678 2514 750 2557 cum
772 2494 809 2556 de
832 2495 864 2557 te
886 2493 955 2575 ipse
977 2493 1025 2556 nil
1047 2492 1186 2556 dixerim

214 2573 298 2656 quod
319 2573 491 2660 legendum
513 2576 569 2658 sit,
591 2577 749 2641 instruam
771 2576 826 2660 qui
848 2577 1007 2662 legantur.

215 2881 221 2894 .
283 2817 350 2896 ¹..el
370 2817 453 2896 omit
483 2813 492 2880 ΙΙ
522 2819 538 2866 3
559 2823 619 2880 post
641 2820 722 2896 gesta
740 2821 804 2866 sunt
825 2817 898 2880 Oucp.
918 2817 979 2866 odd.
1003 2821 1031 2866 et
1049 2821 1187 2880 geruntur

213 2883 691 3082 aauujrplragpgmu
705 2881 1085 3016 „relambere
1102 2882 1188 3002 ‚lit

214 3029 331 3078 oum,s1
366 3032 381 3067 e
414 3033 428 3067 e
473 3033 532 3068 mr
829 3035 830 3038 ’
