2578 4000
314 195 568 247 consorurruo
586 193 756 246 nuousro
774 197 809 248 o.
832 197 939 248 13-15.
1050 193 1110 258 171

142 345 333 431 praesertim
356 365 427 410 oum
451 366 522 410 eum
545 345 600 428 qui
614 344 674 408 tibi
698 366 736 409 ex
751 345 849 409 tantis
867 339 1031 410 beneficiis
1046 344 1111 408 tuis

138 433 177 496 et
198 433 292 494 tanto
315 428 586 494 necessitudinum
607 429 697 494 fonte
719 430 867 514 ingratus
893 429 1035 494 extiterit
1057 428 1111 492 ad-

141 515 206 580 hue
229 514 448 598 contemplatu
462 513 509 578 tui
532 514 850 598 cogemurquamuis
865 513 940 578 irati
960 513 1110 578 reuereri.

139 600 221 684 quid
235 599 355 664 faciam
369 600 468 684 igitur
490 602 609 664 uttam
626 597 789 683 profunda
808 597 942 663 uulnera
957 619 1112 682 suspensa

138 707 244 750 manu
271 683 431 749 traetem?
474 683 635 769 usurpabo
663 684 814 748 nimirum
842 683 898 747 illa
932 681 1137 748 communiae

143 770 289 834 omnium
317 769 496 832 facinorum
517 768 713 852 patrocinia,
741 789 822 852 quae
844 771 953 832 tamen
973 769 1111 852 plerum·

142 876 205 938 que
228 853 324 918 etiam
348 875 366 918 a
387 853 586 936 sapientibus
608 856 802 932 asserrmtur,
831 854 992 917 neminem
1012 851 1112 916 homi·

142 959 220 1002 nem
235 959 368 1022 peecare
383 937 448 1003 nisi
462 937 530 1002 fato
553 937 671 1022 etipsa
687 937 807 1003 seelera
824 937 1008 1001 mortalium
1023 939 1112 1001 aetus

140 1045 214 1088 esse
243 1022 406 1106 fortunae,
441 1027 555 1086 eontra
585 1025 693 1088 autem
722 1023 850 1086 deorum
882 1043 1016 1086 munera
1044 1041 1112 1086 esse
1211 1095 1213 1100 ,

143 1108 291 1172 uirtutes,
320 1107 494 1192 gratulare,
515 1105 737 1191 Constantino,
761 1109 893 1171 naturae
913 1128 950 1171 ao
969 1105 1112 1170 moribus
1126 1123 1150 1163 ιο

143 1192 209 1276 tuis
232 1191 318 1276 quod
338 1195 373 1272 te
394 1191 491 1256 talem
507 1189 717 1256 Constantius
735 1191 811 1255 Pius
833 1191 992 1276 genuerit,
1015 1189 1112 1254 talem

140 1276 285 1342 siderum
300 1276 427 1341 deoreta
440 1275 612 1341 formarint
631 1279 668 1341 ut
683 1275 818 1340 erudelis
835 1297 903 1340 esse
918 1296 984 1340 non
998 1275 1112 1358 possis.

144 1361 238 1426 illum
266 1364 373 1426 autem
403 1362 498 1445 [non]
530 1359 636 1442 uredo,
668 1381 739 1426 oum
766 1363 919 1424 uenturus
948 1359 984 1422 in
1009 1359 1114 1422 lucem

141 1446 309 1544 optionem
331 1446 417 1510 uitae
440 1467 502 1529 qua
524 1447 667 1510 uteretur
687 1444 854 1528 acciperet,
877 1445 994 1508 sortem
1008 1442 1113 1507 ineur-

142 1551 226 1594 rrsse
248 1530 433 1615 fugiendam
459 1550 539 1614 quae
562 1529 671 1594 multis
694 1529 878 1594 hominibus
905 1527 1059 1592 iniustum
1082 1529 1114 1591 et
1127 1541 1151 1584 1⁵

144 1618 309 1699 postremo
330 1616 394 1699 ipsi
415 1614 632 1680 uoluntarium
653 1613 753 1679 ferret
774 1613 917 1678 exitium.
961 1615 999 1676 ut
1028 1611 1114 1677 enim

146 1698 211 1764 alia
237 1701 380 1783 mittam,
411 1699 473 1764 hoo
494 1699 601 1783 ipsum
627 1719 736 1764 nonne
758 1698 818 1762 fati
840 1697 1015 1762 necessitas
1038 1695 1114 1760 tulit

143 1788 183 1848 ut
204 1783 258 1848 ille
280 1783 481 1869 pietati'tuae
504 1784 588 1848 hune
610 1783 745 1847 referret
762 1782 875 1866 uicem,
898 1803 991 1865 quem
1014 1783 1051 1845 tu
1073 1779 1114 1843 ab

144 1869 225 1934 urbe
246 1869 385 1954 pulsum,
408 1869 448 1932 ab
463 1867 558 1932 Italia
580 1869 735 1952 fugatum,
760 1867 800 1930 ab
814 1865 944 1950 Illyrioo
967 1863 1114 1948 repudia·

144 1958 216 2018 tum
231 1954 295 2017 tuis
310 1953 494 2038 prouinciis,
514 1953 578 2016 tuis
597 1952 707 2036 copiis,
727 1955 783 2016 tuo
798 1950 919 2035 palatio
939 1947 1112 2033 reoepisti?
1127 1967 1152 2008 20

211 2036 283 2102 XV.
328 2036 410 2113 Quid
416 2089 425 2122 ‚
449 2059 518 2121 ore,
536 2036 604 2102 sibi
626 2037 751 2102 uoluit?
786 2035 862 2119 quid
883 2033 1028 2119 optauit?
1063 2031 1115 2097 uel

145 2123 224 2206 quid
246 2122 382 2206 amplius
405 2121 635 2206 adipisceretur
649 2121 700 2186 his
723 2141 803 2207 quae
826 2123 890 2186 ate
911 2120 1018 2184 fuerat
1040 2137 1114 2182 eon·

146 2206 299 2272 secutus?
329 2207 379 2272 oui
401 2209 437 2270 tu
459 2229 583 2271 summa
605 2211 637 2271 et
659 2203 986 2288 diuersissimam,
1008 2204 1113 2287 priua·

146 2293 218 2356 turn
241 2293 341 2356 otium
365 2293 398 2356 et
419 2292 525 2378 regias
548 2313 640 2376 opes,
670 2291 818 2373 dederas,
848 2290 899 2354 oui
921 2287 1112 2372 digredient'

145 2376 269 2440 aulicos
291 2375 396 2441 mulos
419 2381 451 2440 et
472 2375 600 2458 raedas,
630 2375 681 2440 eui
702 2374 878 2458 impensius
901 2373 997 2436 etiam
1019 2392 1114 2455 quarn
1128 2387 1153 2428 25

45 2499 47 2503 ·
143 2461 208 2525 tibi
242 2481 407 2526 occurrere
440 2460 592 2545 obsequia
624 2462 737 2524 nostra
764 2457 989 2540 mandaueras,
1024 2456 1114 2520 ouius

148 2546 299 2610 omnibus
327 2545 422 2610 iussis
456 2546 501 2609 sie
529 2548 685 2610 statueras
718 2543 867 2608 oboedire
895 2545 931 2606 ut
956 2562 1054 2626 penes
1082 2542 1115 2604 te

148 2629 289 2714 habitus,
314 2651 412 2714 penes
433 2630 525 2694 illum
540 2632 681 2714 potestas
704 2633 788 2694 esset
803 2628 938 2711 imperii.
968 2626 1116 2710 quisnam

146 2714 204 2779 ille
233 2718 343 2779 tantus
364 2716 428 2779 fuit
455 2737 522 2779 non
551 2714 644 2778 ardor
666 2713 828 2797 potentiae
857 2711 947 2798 (quid
975 2711 1060 2776 enim
1083 2712 1115 2772 te

218 2921 330 2972 Monte
349 2935 386 2970 w:
411 2921 470 2971 fore
488 2920 515 2968 1
535 2919 629 2970 fauore
648 2919 763 2982 Longius
794 2915 799 2982 1
833 2916 956 2966 extiterit
975 2916 991 2962 ὓ
1009 2927 1046 2962 w:
1072 2929 1115 2964 err·

148 2989 243 3040 istarit
259 2991 287 3037 1
316 2987 326 3054 ll
356 2987 581 3052 3voontemplatu
604 2988 646 3035 tui
667 2987 764 3050 scripsi
780 2987 796 3035 l.
814 2985 846 3034 L:
875 2981 1117 3046 contemplatui!

152 3056 333 3123 contemplari
352 3070 377 3105 w
399 3056 403 3118 Ι
421 3071 552 3122 cogamur
569 3056 698 3119 Laoffl'ua:
717 3055 800 3118 eogat
818 3057 849 3102 ut
867 3051 894 3099 Ι
912 3054 917 3113 Ι
937 3050 1015 3114 quasi
1032 3049 1074 3099 ira
1092 3062 1117 3096 w

151 3121 155 3190 1
182 3126 306 3176 reuereri
323 3126 432 3189 scripsi:
451 3128 576 3174 reuereat
593 3122 620 3170 1
638 3121 778 3172 referueat
796 3133 821 3168 w
849 3117 859 3184 ΙΙ
889 3121 1037 3170 tmunera
1055 3132 1117 3168 esee

149 3192 286 3243 uirtulure
306 3191 487 3242 Constantine
505 3193 528 3239 A
545 3196 570 3241 et
588 3190 621 3237 W
638 3205 692 3239 eum
708 3193 781 3254 siquo
798 3188 960 3251 corruptelae
982 3183 991 3250 ΙΙ
1014 3186 1045 3235 10
1064 3186 1117 3234 uir·

148 3263 238 3309 tutem
256 3259 276 3308 B
296 3262 313 3308 c
331 3261 361 3322 V,
380 3261 488 3310 correxi
503 3256 513 3325 ΙΙ
531 3261 562 3308 12
580 3259 731 3308 formarunt
748 3258 784 3319 Ι,
801 3271 871 3308 corr.
889 3267 914 3302 w
926 3251 936 3320 ΙΙ
955 3256 985 3304 13
1004 3267 1059 3302 non
1076 3269 1117 3304 se·

149 3329 225 3378 elusit
243 3329 377 3378 Acidaliae
389 3325 399 3392 ΙΙ
414 3329 445 3377 rt
463 3321 529 3391 alia]
549 3325 598 3375 illa
613 3322 697 3390 (11120
715 3318 817 3388 recep]
834 3323 936 3386 sapisti
953 3321 975 3370 Α
988 3322 1005 3368 (t
1018 3321 1051 3368 W
1062 3317 1072 3384 ΙΙ
1085 3322 1116 3370 21

149 3393 196 3444 uel
214 3397 324 3456 sompni:
341 3399 372 3446 ut
390 3396 417 3444 H
435 3398 483 3444 aut
501 3391 628 3458 eddfl23
648 3389 705 3457 cui]
726 3392 780 3455 Qui
797 3392 820 3438 Δ
837 3397 862 3440 et
879 3391 912 3438 W
930 3406 960 3438 m.
977 3392 992 3437 1
1011 3389 1076 3452 quin
1093 3401 1118 3436 w

149 3459 159 3527 ΙΙ
176 3463 209 3512 25
228 3461 336 3513 aulicos
355 3461 443 3512 mulos
460 3463 556 3526 noviper·
565 3463 582 3512 l.
594 3464 610 3512 l.
621 3477 649 3526 p.
665 3462 731 3509 219.-
749 3459 783 3509 ad
797 3455 895 3510 anulos
907 3459 935 3506 n
953 3454 987 3506 ad
1004 3457 1055 3506 del.
1068 3467 1093 3502 w
1112 3451 1117 3518 Ι

148 3535 178 3579 et
196 3528 278 3582 redas
296 3532 403 3595 scripsi:
422 3528 532 3580 sederas
551 3529 576 3576 tt
594 3527 709 3578 dederas
727 3539 760 3590 w,
781 3527 837 3578 olim
856 3529 871 3576 l.
891 3528 907 3578 1.
927 3525 1009 3576 delent
