2582 3992
174 200 250 266 ,130
474 204 520 254 1v.
549 199 861 256 nuunnnoulrro

185 353 375 437 uiguerunt,
398 372 486 416 nunc
508 350 647 416 ceteruia
669 347 821 434 auspiciis
841 347 928 414 Iouis
951 353 984 414 et
1005 348 1155 416 Herculis

187 439 407 502 renascuntur.

250 519 337 585 XIX.
388 519 574 602 Sedenim,
598 520 648 583 uir
669 517 916 602 perfectissime,
939 519 1024 584 inter
1046 520 1158 585 omnic

186 627 267 689 quae
288 605 407 671 uirtute
428 604 612 690 principum
635 625 674 668 ae
694 602 848 668 felicitate
869 606 1065 684 recreantur,
1089 605 1159 670 sint

158 692 263 758 slicet
277 691 414 755 fortasse
432 689 496 753 elie
510 687 733 774 magnitudine
750 689 846 772 atque
860 687 1001 753 utilitate
1014 688 1159 774 potiora,

186 775 269 840 nihil
298 773 348 840 est
375 775 485 839 tamen
513 771 733 838 admirabilius
754 772 815 838 bec
837 772 1031 838 liberalitate
1059 795 1156 857 quum

186 860 332 924 fouendir
355 855 592 926 honorandisue
612 857 793 923 litterarum
817 857 930 922 studiis
953 858 1155 942 impartiunt

187 945 319 1029 quippe,
347 947 384 1008 ut
406 944 499 1008 initio
522 943 603 1028 dixi,
631 943 714 1007 nulli
736 952 887 1027 umquem
909 942 1044 1008 antehac
1067 944 1158 1026 prin-

187 1029 273 1112 cipes
294 1029 364 1112 pari
391 1049 467 1093 cura
488 1028 565 1093 belli
591 1027 702 1093 munia
728 1030 761 1092 et
781 1027 965 1094 huiusmodi
989 1027 1078 1111 pecie
1107 1049 1156 1092 or-

148 1115 340 1178 uramenta
362 1113 537 1178 coluerunt.
560 1112 796 1178 diuersissimus
818 1112 904 1177 enim
925 1112 966 1176 ad
985 1115 1159 1197 utramque

187 1199 309 1263 sectam
331 1197 469 1264 deflexus
492 1200 554 1280 est,
584 1198 693 1281 disper
714 1200 830 1262 natura
852 1197 1010 1262 mentium
1035 1199 1069 1261 et
1091 1199 1155 1264 dis·

186 1282 795 1453 {iiidielastidiffllullillllil
829 1281 997 1431 ittet
1017 1282 1159 1430 tin

186 1455 293 1523 motus
310 1451 502 1536 habitusque
518 1390 697 1516 diisimiles.
728 1472 790 1535 quo
813 1451 1048 1536 meginherum
1071 1472 1159 1515 noua

149 1556 173 1596 rs
187 1540 220 1601 et
234 1536 430 1601 incredibilis
453 1539 501 1600 est
514 1536 616 1600 uirtus
638 1538 672 1599 et
686 1535 870 1608 humanitas
893 1535 947 1619 qui
962 1535 1158 1602 intentante

163 1642 286 1704 ,opere
308 1620 465 1685 bellorum
493 1620 532 1684 ad
554 1620 633 1686 hacc
656 1641 778 1704 quoque
801 1619 981 1684 litterarum
1003 1621 1160 1686 exercitia

185 1705 361 1803 respiciunt
384 1709 480 1790 atque
501 1705 592 1770 illum
613 1709 794 1803 temporum
815 1708 934 1770 statum
957 1726 1030 1803 quo,
1052 1708 1089 1770 ut
1110 1705 1158 1805 le-

186 1789 1158 1972 tttteitmttgttPttttffsltuttttfftt

148 1975 173 2014 20
187 1963 283 2024 etiam
306 1959 355 2025 elo
378 1959 487 2023 nentia
508 1957 656 2022 Romane
677 1963 861 2024 reuirescet.

249 2042 321 2108 XX.
356 1980 464 2108 betur
486 2063 574 2127 ergo,
596 2043 647 2139 uir
668 2042 911 2126 perfectissime,
932 2042 990 2106 illa
1010 2042 1092 2107 mihi
1115 2043 1158 2106 ab

186 2129 316 2212 optimis
346 2127 505 2194 ‚uirtutum
540 2147 683 2190 omn1um
710 2126 849 2192 dominis
876 2127 997 2192 tribute
1023 2127 1158 2212 largitio

186 2211 261 2276 huic
290 2212 378 2359 operi
401 2209 564 2276 doetrinae
591 2213 688 2309 atque
716 2211 916 2296 eloquentiae
938 2211 1085 2276 dedicato
1107 2215 1155 2295 ut,

147 2397 173 2438 a
186 2295 862 2460 digituli?”deutlibsmliirllfflt
883 2296 1160 2465 iddtllmaffi

185 2463 330 2531 rumdem
358 2487 436 2551 erge
458 2465 583 2530 litteras
605 2465 827 2551 dignationem
854 2466 889 2529 in
917 2466 1049 2550 antiqua
1071 2466 1157 2532 litte

185 2571 294 2614 rarum
325 2549 399 2615 sede
432 2551 638 2616 celebremus.
686 2550 794 2614 uideat
825 2553 991 2634 praeterea
1022 2550 1058 2614 in
1089 2551 1157 2616 illis

185 2634 361 2718 porticibus
388 2635 538 2700 iuuentus
566 2637 599 2699 et
623 2635 739 2700 cotidie
767 2637 891 2719 spectet
918 2655 1030 2700 omnes
1052 2637 1158 2700 terras

187 2722 219 2784 et
248 2722 363 2790 cuneta
390 2720 491 2784 maria
519 2723 551 2784 et
580 2719 731 2804 quicquid
758 2719 965 2784 inuictissimi
991 2720 1157 2803 principes

145 2804 312 2869 uurbium
349 2807 497 2892 gentium
534 2805 702 2870 nationum
740 2805 794 2868 eut
850 2805 946 2869 ietate
978 2807 1158 2870 restituunt

186 2894 241 2954 aut
262 2891 382 2956 uirtute
404 2890 581 2956 deuincunt
602 2893 658 2954 cut
678 2893 799 2954 terrore
821 2826 1017 2954 deuinciunt.
1057 2889 1158 2973 siqui-

253 3132 268 3181 7
286 3129 505 3195 honorandisque
523 3132 583 3181 edd.
595 3127 605 3195 ΙΙ
623 3131 639 3181 9
658 3131 717 3195 pari
735 3145 782 3180 em.
800 3129 834 3178 W
848 3128 853 3194 Ι
868 3144 947 3181 eures
963 3128 1031 3179 belli
1049 3129 1160 3180 munia-

185 3210 238 3261 que
257 3210 282 3246 w
311 3195 321 3261 ΙΙ
351 3201 383 3248 13
401 3198 524 3263 utrisque
544 3198 651 3249 artibus
668 3198 708 3260 fl,
726 3199 845 3255 correxi:
872 3200 923 3248 nisi
939 3198 1064 3263 utrisque
1080 3203 1154 3261 part.

183 3264 344 3314 scribendum
361 3273 400 3315 est
426 3267 431 3329 Ι
457 3267 594 3316 nominum
612 3266 639 3314 n
664 3262 674 3331 ΙΙ
705 3267 737 3314 14
756 3269 845 3316 motus
862 3268 970 3330 scripsi:
989 3267 1108 3315 monitus
1127 3267 1159 3314 1

184 3331 291 3382 sonitus
308 3346 333 3381 π
363 3330 373 3398 ΙΙ
402 3335 435 3384 23
453 3333 581 3384 dedicate
598 3332 633 3395 ll,
652 3349 720 3384 corr.
743 3334 875 3384 Acidaliae
903 3331 913 3398 ΙΙ
943 3335 976 3384 28
994 3336 1104 3398 spectat
1121 3333 1156 3382 W

186 3395 198 3464 ll
224 3401 257 3450 30
275 3403 323 3449 aut
340 3401 446 3465 pietate
464 3401 656 3452 restituente
673 3398 706 3449 W
722 3400 814 3454 Bert:
837 3418 883 3454 em.
902 3401 923 3450 B
941 3399 999 3450 GV
1021 3397 1031 3465 ΙΙ
1056 3402 1087 3451 31
1108 3399 1156 3452 de-

182 3464 312 3584 rlrinccuvnt]
332 3467 481 3520 conficiunt
497 3482 522 3518 w
542 3470 547 3532 Ι
571 3468 731 3518 deuinciunt
749 3472 822 3521 edd:
841 3469 993 3520 deuincunt
1009 3469 1033 3516 Δ
1044 3466 1085 3530 W,
1105 3483 1159 3519 ora.
