2586 3996
265 721 445 788 LATINI
474 723 662 791 ΡΑΟΑΤΙ
688 723 939 789 DREPANll

206 860 994 966 PANEGYRIOUS

277 997 281 1006 ’
320 1027 721 1084 rnaooosro-luonsro
740 1031 882 1084 omnus.

180 1178 206 1244 I.
236 1180 269 1246 Si
292 1183 362 1265 quis
385 1205 537 1267 umquam
559 1182 632 1266 fuit,
655 1183 831 1266 imperator
853 1153 1011 1267 Auguste,
1033 1183 1113 1267 quis

9 1327 15 1347 ,¹
117 1267 150 1330 te
170 1269 340 1349 praesente
363 1267 503 1332 dicturus
525 1267 594 1331 inre
609 1267 829 1350 trepidaucrit‚
854 1288 926 1330 eum
941 1267 1088 1350 profecto

116 1371 168 1414 me
198 1371 266 1414 esse
294 1353 327 1414 et
354 1351 422 1434 ipse
451 1352 554 1416 sentio
583 1353 616 1414 et
643 1349 694 1415 his
723 1351 778 1434 qui
806 1350 974 1415 consilium
996 1354 1088 1416 tuum

116 1435 313 1519 participant
335 1434 437 1500 uideri
459 1457 554 1520 posse
577 1434 678 1499 uideo.
715 1457 791 1499 nam
814 1457 885 1500 oum
907 1438 939 1500 te
963 1457 1088 1520 semper
1139 1435 1142 1440 ’

117 1518 202 1583 ultra
224 1539 335 1583 omnes
357 1523 442 1584 retro
461 1521 623 1604 principes
645 1518 769 1584 laudari
791 1521 978 1604 oportuerit,
1000 1540 1087 1585 nunc

116 1625 213 1688 porro
241 1604 326 1668 ultra
354 1625 450 1688 quam
483 1605 563 1670 alias
590 1604 790 1688 praedicatus
820 1627 853 1669 es
881 1606 916 1668 in
943 1626 981 1669 ea
1009 1605 1087 1670 urbe
1101 1625 1126 1666 ro

119 1689 292 1754 conueniat
314 1687 449 1754 dicendo
479 1688 634 1755 celebrari
657 1689 746 1754 cuius
776 1693 809 1754 ct
829 1689 1011 1754 libertatem
1038 1712 1087 1754 ar·

8 1771 10 1848 g
117 1777 222 1838 matus
246 1775 410 1838 asseruisti
433 1779 466 1838 et
487 1774 605 1839 auxisti
627 1774 819 1860 dignitatem
841 1777 987 1860 togatus:
1025 1795 1088 1859 qno

8 1919 10 1942 p
117 1859 248 1923 tandem
268 1858 362 1923 modo
380 1861 530 1945 consequi
552 1859 751 1925 maiestatem
766 1859 931 1942 utriusque
946 1863 1088 1924 uestrum

117 1942 262 2008 oratione
295 1965 367 2008 mea
394 1945 531 2029 potero?
580 1946 641 2008 hoc
667 1944 839 2029 praecipue
871 1944 906 2008 in
934 1947 1088 2028 tempore,

8 2089 9 2108 p
118 2049 180 2111 quo
202 2027 247 2092 ita
269 2031 381 2094 mutuo
404 2030 498 2094 ambo
515 2029 660 2094 crenistis
682 2034 718 2094 nt
738 2050 797 2094 nec
812 2033 849 2094 tn
863 2029 961 2094 fueris
984 2028 1088 2094 adhuc
1102 2045 1127 2088 15

117 2113 218 2178 maior
239 2136 299 2180 nec
321 2113 379 2179 illa
400 2114 535 2180 felicior.
568 2113 632 2178 huc
654 2115 777 2180 accedit
799 2113 926 2179 auditor
948 2118 1088 2196 senatus,

119 2198 170 2262 cni
199 2220 271 2262 cum
293 2198 423 2263 difficile
452 2200 495 2265 sit
516 2221 573 2284 pro
602 2220 708 2264 amore
730 2221 792 2284 quo
814 2201 849 2264 in
871 2202 903 2264 te
925 2199 1088 2283 praeditus

119 2286 169 2345 ost
190 2282 228 2346 de
251 2286 283 2345 te
306 2284 384 2347 satis
406 2283 491 2366 fieri,
514 2291 584 2348 tum
606 2284 770 2349 difficilius
791 2306 851 2369 pro
873 2284 1020 2368 ingenita
1042 2290 1089 2347 at-

118 2387 180 2450 que
208 2365 401 2430 hereditaria
435 2367 547 2432 orandi
573 2368 728 2432 facultate
762 2389 828 2432 non
861 2389 930 2433 esse
957 2367 1088 2433 fastidio

117 2450 229 2515 rudem
255 2450 341 2516 hunc
369 2455 402 2517 et
426 2451 584 2518 incultum
605 2451 812 2536 Transalpini
840 2453 995 2517 sermonis
1017 2452 1088 2516 hor·
1101 2471 1127 2512 ao

118 2557 234 2620 rorem,
257 2537 446 2621 praesertim
470 2560 542 2603 cum
557 2538 712 2603 absurdae
735 2537 948 2622 sinistraeque
967 2539 1089 2603 iactan-

117 2621 183 2686 tiae
210 2621 312 2706 possit
345 2622 448 2688 uideri
475 2623 525 2688 his
557 2625 717 2688 ostentare
744 2623 928 2688 facundiam
955 2645 1089 2707 quorum

119 2704 158 2769 de
180 2706 269 2771 fonte
291 2711 477 2772 manantem
499 2709 534 2771 in
556 2712 684 2772 nostros
706 2728 806 2790 usquc
832 2728 907 2771 usus
929 2706 1104 2771 deriuatio*

119 2810 192 2853 sera
209 2791 362 2856 traduxit.
392 2791 506 2876 quibus
530 2814 546 2856 e
570 2791 676 2855 uidem
699 2791 849 2874 cogitatis
873 2789 951 2854 adeo
974 2790 1089 2855 sollici·

118 2876 171 2937 tor
191 2877 316 2938 utnon
338 2896 391 2940 eos
407 2878 534 2940 tantum
548 2814 650 2946 lrodie
673 2875 810 2940 arbitrer
830 2876 986 2940 interesse
1008 2897 1088 2960 quos
1102 2893 1127 2934 25
1181 2878 1185 2884 '

8 3025 10 3046 Q
120 2979 231 3044 cerno,
264 2958 320 3024 sed
356 2961 505 3024 assistere
538 2960 764 3045 obuersariqne
798 2959 921 3024 dicturo
949 2959 1089 3025 Catones

118 3044 207 3128 ipsos
237 3048 270 3108 et
296 3043 418 3110 Tullios
446 3049 478 3109 et
501 3043 690 3110 Hortensios
719 3065 893 3128 omnesque
920 3043 993 3109 illos
1021 3066 1089 3109 ora·

121 3201 325 3210 ——·——————-·

189 3285 204 3333 6
223 3286 281 3336 iure
298 3285 386 3336 Bere:
405 3286 446 3336 iro
464 3289 492 3334 Η
509 3285 519 3352 ΙΙ
542 3289 571 3336 11
591 3286 722 3337 libertato
740 3287 763 3335 Δ
779 3283 789 3350 l
812 3287 843 3335 12
861 3289 974 3350 togatus
992 3301 1038 3337 om.
1058 3287 1090 3334 W

117 3350 127 3421 [l
147 3355 179 3402 15
197 3353 277 3404 ambo
295 3354 337 3404 ita
355 3359 447 3460 pirptuo
466 3355 483 3404 ⁰
504 3352 515 3420 l
536 3357 568 3405 18
586 3351 654 3419 tum]
674 3369 734 3404 cum
752 3354 774 3402 Δ
792 3354 920 3404 tament
942 3350 951 3418 ΙΙ
972 3355 1005 3404 22
1024 3368 1090 3418 quo-

399 3431 422 3458 m

119 3487 178 3522 rum
198 3470 233 3522 de
257 3471 349 3538 (quam
376 3472 437 3536 de)
461 3473 600 3524 Barttius:
628 3489 708 3538 quam
727 3472 759 3524 de
779 3473 887 3524 deorum
905 3473 932 3520 n
955 3472 1089 3537 quamde

120 3555 213 3591 eorum
231 3539 363 3592 Acidaliae
386 3539 398 3606 l
421 3543 453 3592 23
471 3556 557 3607 nsque
575 3558 621 3592 orn.
639 3542 663 3590 Δ
