2586 3996
215 189 279 254 272
540 189 601 241 xn.
627 189 760 241 arcani
779 190 860 242 aar.

215 343 301 406 tores
351 343 439 405 ntem
467 339 522 425 qui
551 361 602 416 me
629 339 665 404 in
692 340 829 424 posteris
858 340 924 404 suis
953 338 1095 404 audiunt.
1139 341 1187 404 ita

215 363 387 509 multiplici
408 425 646 490 circumuentus
668 427 772 507 metu,
801 425 893 508 quasi
913 445 1027 508 parum
1050 422 1187 490 habeam

215 511 329 575 timere
352 509 437 596 quod
458 511 564 590 uideo,
587 510 681 573 uideo
703 508 787 594 quod
807 509 950 574 timeam,

279 594 323 660 ΙΙ.
372 593 454 671 Quid
482 593 583 680 ergo?
620 615 764 658 nonusne
791 615 843 658 me
865 614 966 678 pauor
993 596 1026 658 et
1052 593 1186 676 inopina

187 680 388 764 strepidatio
410 680 444 743 in
461 679 532 762 ipso
551 679 677 744 dicendi
692 682 835 763 tempore
850 677 1082 763 deprehendit?
1105 677 1186 742 mihi

215 786 291 829 uero
319 765 354 829 hi
381 786 492 829 omnes
515 764 628 849 quibus
656 764 845 828 altrinsecus
873 765 975 828 iactor
1003 769 1109 827 aestus
1131 763 1187 827 diu

216 853 290 915 ante
311 849 460 914 meditati
477 849 637 934 longeque
659 849 821 933 prospecti
843 852 928 913 sunt.
957 847 1013 911 sed
1036 869 1108 912 cum
1131 847 1186 911 ad·

215 935 384 999 miratione
406 935 563 998 uirtutum
584 937 713 998 tuarum
739 934 780 998 ab
801 934 915 997 ultimo
938 932 1114 996 Galliarum
1137 953 1187 997 re·

216 1041 322 1102 sessu,
351 1041 415 1103 qua
440 1019 516 1083 litus
543 1018 657 1083 oceani
685 1017 852 1083 cadentem
879 1018 999 1101 excipit
1026 1018 1125 1082 solem
1153 1021 1187 1082 et

177 1124 203 1163 ro
216 1103 436 1168 deficientibus
458 1101 699 1168 terris-sociale
726 1103 877 1168 miscetur
904 1103 1114 1184 elementum,
1145 1103 1186 1167 ad

216 1188 430 1253 contuendum
453 1191 485 1252 te
506 1187 767 1272 adorandumque
789 1208 1021 1273 properassem,
1044 1190 1080 1251 ut
1100 1187 1187 1251 bona

237 1295 297 1338 uae
318 1274 448 1338 auribus
472 1294 617 1357 ceperam
640 1273 738 1338 etiam
759 1273 830 1338 uisu
851 1294 1055 1356 usurparem:
1081 1270 1185 1354 timui,

215 1295 333 1442 dateor,
361 1359 405 1442 pii
428 1356 547 1424 laboris
576 1357 717 1422 officium
745 1358 845 1442 impia
865 1357 1088 1421 taciturnitate
1117 1377 1186 1421 cor-

177 1440 1185 1612 treputantur„tttuttuututu

215 1612 302 1677 diurn
324 1616 357 1678 et
372 1613 546 1696 silentium,
570 1612 650 1677 duas
672 1634 724 1676 res
741 1612 976 1678 diuersissimas
995 1612 1096 1692 iunxi,
1109 1633 1186 1677 me·

214 1701 282 1762 turn
312 1700 345 1762 et
370 1698 595 1763 temeritatem.
640 1698 719 1781 quin
747 1701 780 1762 et
805 1697 884 1761 illud
912 1719 963 1762 me
987 1696 1116 1780 impulit
1144 1696 1185 1760 ad
1272 1707 1273 1726 l

215 1782 384 1846 dicendum
417 1783 501 1866 quod
534 1785 571 1847 ut
597 1781 735 1847 dicerem
767 1782 874 1846 nullus
908 1781 1068 1867 adigebat.
1117 1803 1186 1846 non

215 1868 300 1931 eninr
328 1868 394 1932 iam
421 1871 532 1933 coacta
552 1866 696 1966 laudatio
725 1871 758 1931 et
779 1888 945 1967 expressae
974 1869 1062 1965 metu
1086 1887 1185 1965 ncces

173 1952 1186 2119 ⁹⁰tttttttttttttttlrettttttjfflttutsstlt
1272 2060 1273 2077 r

214 2121 378 2186 dominum
400 2143 492 2185 auras
515 2143 626 2186 omnes
641 2121 811 2205 plausuum
826 2122 1028 2206 publicorum
1049 2124 1187 2185 uentcsa
1271 2159 1272 2165 κ

213 2204 426 2289 popularitate
450 2227 488 2270 oa
510 2208 636 2271 tantem
662 2207 801 2272 mendax
824 2206 999 2272 assentatio
1018 2204 1186 2290 titillabat,
1270 2241 1271 2251 κ

215 2311 286 2354 cum
308 2291 410 2376 gratis
433 2227 574 2377 agedrant
593 2289 737 2357 dolentes
760 2294 793 2356 et
812 2296 985 2375 tyrannum
1006 2312 1072 2354 non
1091 2312 1185 2374 prae·
1269 2311 1270 2340 l

173 2375 334 2441 radicasse
364 2376 545 2460 tyrannidis
577 2377 738 2442 accusatio
770 2377 955 2442 uocabatur.
1005 2397 1092 2440 nunc
1125 2397 1187 2460 par

213 2461 341 2525 dicendi
363 2461 554 2546 tacendique
575 2461 708 2526 libertas
736 2464 769 2527 et
791 2483 886 2546 quam
908 2464 1092 2545 promptum
1117 2461 1186 2526 lau-

213 2544 289 2609 dare
304 2545 493 2630 principem,
517 2549 585 2610 tam
599 2549 705 2611 tutum
724 2547 849 2612 siluisse
865 2545 903 2610 de
918 2546 1073 2631 principe.
1102 2545 1187 2610 libet

212 2629 312 2714 igitur
333 2627 491 2695 redditam
506 2630 706 2714 postliminio
728 2631 931 2696 saunitatcm
946 2630 1106 2715 loquendo
1132 2652 1186 2694 ex-

211 2715 324 2800 periri,
353 2715 447 2799 libet,
475 2715 624 2801 inquam,
654 2717 728 2802 quia
749 2718 910 2781 neminem
932 2716 1034 2800 magis
1056 2715 1186 2780 laudari

172 2799 436 2884 coimperatorem
458 2800 549 2866 decet
571 2823 667 2886 quam
689 2823 784 2886 quern
806 2802 912 2866 minus
934 2821 1064 2866 neeesse
1087 2803 1147 2865 est

274 2884 333 2949 ΙΙΙ.
377 2884 443 2950 Det
470 2885 569 2971 igitur
594 2886 675 2951 mihi
702 2888 858 2952 sermonis
880 2885 974 2950 huius
1003 2885 1188 2970 auspicium

212 2969 266 3033 ille
296 2970 463 3035 felicitatis
490 2969 639 3055 publicae
670 2993 790 3056 auspex
817 2971 883 3036 dies
917 2971 971 3055 qui
998 2974 1031 3035 te
1059 2971 1187 3054 primus

20 1927 118 1948 ‚esu—2

280 3197 386 3258 dpeius
405 3193 476 3260 qnod
494 3196 544 3245 del.
564 3207 589 3242 w
620 3191 624 3257 Ι
656 3194 739 3244 uideo
757 3195 836 3245 uideo
854 3196 1000 3245 Liuineius:
1018 3193 1101 3244 uideo
1119 3195 1148 3244 Π
1178 3197 1187 3251 il

211 3260 228 3308 9
247 3273 300 3323 quo
318 3263 352 3309 W
374 3259 385 3327 ss
410 3264 442 3313 12
460 3265 585 3328 teperam
604 3262 727 3328 Atuisn
745 3264 768 3312 Δ
784 3265 831 3313 W:
850 3277 902 3314 usn
920 3263 937 3311 (t
954 3262 985 3324 V,
1004 3277 1050 3311 om.
1069 3261 1090 3311 B
1115 3259 1126 3326 ΙΙ
1154 3266 1186 3314 19

210 3340 343 3390 expressa
360 3330 383 3378 Δ
402 3331 582 3395 expressiolt
612 3327 622 3396 ll
652 3333 685 3382 20
704 3334 786 3382 malim
804 3331 909 3396 fugerit
927 3327 971 3379 ab.
1002 3327 1013 3393 ΙΙ
1042 3331 1077 3379 24
1094 3332 1187 3394 gratis

211 3394 248 3442 A:
266 3395 373 3457 gratias
389 3398 410 3446 B
429 3401 446 3447 0
464 3399 486 3446 V
504 3399 536 3446 W
554 3405 647 3464 grates
665 3397 741 3451 Bert.
764 3396 775 3464 ΙΙ
798 3400 831 3448 26
850 3397 963 3449 tacendi
981 3395 1150 3462 dicendique
1169 3400 1187 3447 0

212 3457 460 3579 ttnpanlpdprplw
484 3462 494 3529 'l
524 3467 556 3516 ³¹
575 3467 622 3518 ‘¹⁶‘
641 3466 733 3531 ⁰²‘⁸¹⁰··'
755 3467 788 3516 ‘¹0
808 3471 837 3517 te
855 3468 882 3515 Η
909 3463 919 3530 ιι
948 3467 981 3516 aa
996 3464 1047 3516 rue
1066 3465 1103 3515 r:
1131 3467 1189 3517 era

210 3545 221 3578 ¹
896 3573 905 3588 a
