2572 3990
173 213 213 276 10
507 213 528 262 1.
556 211 586 264 c.
606 211 720 262 curun
737 209 817 264 PAN.

170 362 278 445 hilque
311 363 465 426 interesse
498 361 544 425 ire
577 360 720 445 legatum
747 381 789 422 an
821 359 925 423 redire
956 359 1137 443 principem

171 447 288 528 iubeat,
322 446 386 510 nisi
418 446 502 530 quod
528 447 630 508 maior
662 445 705 509 sit
733 444 875 527 obsequii
907 444 1011 528 gloria
1036 445 1071 507 in
1100 466 1137 508 eo

171 531 255 614 quod
278 531 348 614 quis
369 531 474 594 minus
496 530 585 594 uelit.
1100 563 1103 568 ·

235 613 276 678 X.
298 615 448 699 Augebat
459 615 681 678 auctoritatem
696 612 836 676 iubentis
851 612 886 675 in
903 633 1062 676 summum
1074 613 1137 676 dis-

141 699 294 762 scrimen
316 699 487 763 auctoritas
509 699 577 762 eius
599 698 745 774 adducta,
769 700 866 779 utque
892 697 996 781 magis
1024 719 1136 780 paren-

172 783 248 846 dum
269 783 444 866 imperanti
465 786 593 865 putares
616 780 814 846 efficiebatur
837 801 873 844 eo
896 781 980 863 quod
1001 781 1041 844 ab
1063 781 1135 844 aliis

171 867 277 930 minus
298 868 478 950 parebatur.
509 868 549 930 ad
570 866 632 930 hoc
647 865 796 930 audiebas
812 867 942 928 senatus
963 865 1136 948 populique

173 972 377 1015 consensum:
411 973 477 1015 non
503 953 597 1016 unius
623 950 750 1016 Neruae
780 948 933 1013 iudicium
960 948 1050 1032 illud,
1080 949 1137 1012 illa

172 1035 285 1100 electio
317 1036 389 1099 fuit.
440 1057 515 1099 nam
548 1035 603 1119 qui
634 1035 751 1118 ubique
785 1036 862 1097 sunt
895 1034 1040 1096 homines
1076 1033 1136 1097 hoc

128 1146 158 1184 ro
171 1120 257 1184 idem
282 1121 367 1183 uotis
396 1119 601 1203 expetebant:
636 1119 689 1184 ille
717 1121 845 1182 tantum
878 1117 945 1180 iure
978 1117 1136 1202 principis

171 1205 342 1288 occupauit
361 1204 544 1288 primusque
565 1204 645 1269 fecit
665 1203 747 1287 quod
771 1202 886 1266 facturi
907 1222 1017 1266 omncs
1033 1206 1135 1267 erant.

171 1309 231 1353 nec
265 1289 394 1353 hercule
429 1291 522 1356 tanto
551 1309 645 1373 opere
674 1287 798 1351 cunctis
830 1287 951 1350 factum
983 1287 1135 1370 placeret,

170 1373 234 1436 nisi
261 1373 435 1456 placuisset
463 1377 538 1438 ante
565 1395 660 1457 quam
687 1372 787 1435 fieret.
825 1373 859 1434 at
885 1383 958 1453 quo,
989 1371 1021 1435 di
1048 1371 1135 1453 boni,

168 1460 425 1540 temperamento
446 1460 641 1542 potestatem
663 1459 751 1520 tuam
779 1457 1004 1538 fortunamque
1031 1455 1136 1519 mode-

131 1563 157 1604 15
172 1544 260 1605 ratus
284 1543 331 1606 esl
369 1542 544 1625 imperator
565 1546 601 1606 tu
622 1541 726 1605 titulis
748 1544 781 1604 et
811 1539 1006 1624 imaginibus
1029 1543 1062 1603 et
1095 1540 1136 1603 si·

171 1625 255 1710 gnis,
279 1629 419 1690 ceterum
441 1627 595 1713 modestia
617 1626 725 1690 labore
748 1624 919 1708 uigilantia
941 1624 1005 1688 dux
1033 1628 1065 1688 et
1093 1624 1137 1687 le·

171 1710 266 1794 gatus
295 1714 328 1774 et
355 1712 457 1795 miles,
487 1733 558 1776 cum
584 1711 648 1774 iam
675 1712 732 1773 tua
759 1709 885 1785 uexilla,
914 1712 985 1772 tuas
1014 1708 1136 1792 aquilas

172 1815 290 1878 magno
325 1796 428 1880 gradu
465 1796 605 1882 anteircs
645 1815 749 1878 neque
787 1793 873 1857 aliud
908 1792 969 1856 tibi
1004 1815 1043 1857 ex
1081 1793 1136 1856 illa
1182 1847 1183 1852 ,

172 1879 345 1962 adoptione
374 1901 468 1962 quam
496 1880 554 1943 filii
582 1880 744 1962 pietatem,
772 1876 832 1942 filii
859 1877 1047 1961 obsequium
1082 1877 1137 1940 ad-

127 1987 158 2026 eo
172 1984 291 2028 sereres
325 1965 518 2048 longamque
551 1963 625 2028 huic
658 1963 781 2027 nomini
819 1966 966 2046 aetatem,
1004 1961 1136 2046 longam

170 2046 305 2130 gloriam
327 2068 502 2130 precarere.
540 2048 658 2111 inmte
683 2047 888 2130 prouidentia
915 2047 1044 2112 deorum
1073 2046 1136 2128 pri-

170 2151 258 2194 mum
291 2132 326 2194 in
359 2131 463 2194 locum
496 2134 700 2215 prouexerat3
733 2133 769 2194 tu
792 2130 895 2196 adhuc
927 2132 962 2194 in
996 2130 1135 2194 secundo

170 2214 317 2278 resistere
352 2218 447 2298 atque
483 2216 578 2280 etiam
611 2237 777 2280 senescere
805 2216 956 2298 optabas:
990 2215 1136 2297 priuatus

170 2298 231 2362 tibi
259 2298 419 2362 uidebaris
447 2322 542 2384 quam
571 2301 624 2364 diu
651 2301 828 2384 imperator
861 2305 894 2364 et
926 2300 1007 2364 alius
1041 2303 1134 2362 esset.

127 2403 158 2443 aa
173 2383 280 2446 audita
302 2386 379 2448 sunt
399 2388 475 2448 uota
496 2388 561 2466 tua,
585 2385 639 2448 sed
661 2385 697 2448 in
719 2387 874 2468 quantum
896 2384 1027 2468 optimo*
1040 2383 1088 2446 illi
1104 2385 1136 2446 et

171 2468 371 2614 {unctissimp
394 2470 465 2533 seni
485 2469 564 2616 agile
586 2469 775 2615 fpiqqurepi
794 2469 831 2564 'di
852 2469 935 2616 ideot
953 2468 1040 2566 caelo
1054 2469 1136 2616 1pbli-

192 2572 344 2616 1cauerun
381 2573 422 2616 ne
465 2576 498 2616 u1
564 2573 599 2615 os
673 2575 694 2614 u
757 2573 920 2617 rumume
956 2573 1055 2617 numo
1086 2573 1136 2616 ae

171 2634 293 2700 factum
315 2575 594 2700 mortaleqfaceier.
623 2637 730 2700 deberi
746 2635 863 2721 quippe
877 2639 1024 2701 maximo
1047 2637 1134 2720 operi

170 2718 254 2784 hanc
276 2721 515 2785 uenerationem
542 2724 580 2784 ut
600 2720 808 2784 nouissimum
831 2724 931 2803 esset,
962 2723 1136 2785 auctorem·

126 2825 158 2866 ao
172 2824 232 2887 que
260 2805 327 2869 eius
357 2806 465 2870 statim
495 2806 745 2870 consecrandum
773 2808 808 2868 ut
835 2805 1024 2890 quandoque
1051 2805 1137 2869 inter

170 2889 792 3062 atillaqtlttlltlttitt}
807 2888 1136 3058 illiterata}

170 3111 287 3119 Ἢ...
293 3116 373 3122 ..ῃ

240 3195 736 3261 5eiusauetoritasuv1abducta
758 3197 791 3244 W
820 3192 829 3260 ΙΙ
860 3198 875 3246 7
899 3197 988 3245 minus
1006 3212 1052 3247 om.
1072 3195 1103 3244 W
1123 3195 1135 3259 ll

170 3257 279 3328 anam]
300 3278 353 3313 non
371 3264 411 3324 W,
429 3279 559 3328 suprascr.
579 3280 643 3314 nam
665 3280 696 3316 m.
717 3279 771 3316 rec.
794 3261 804 3328 ΙΙ
836 3265 866 3313 11
890 3265 993 3328 primus
1016 3263 1083 3312 fecit
1105 3262 1138 3310 W

175 3328 291 3395 lomnes
316 3331 420 3380 facturi
438 3333 454 3380 c
475 3329 485 3396 ΙΙ
507 3333 538 3382 13
567 3335 597 3380 at
623 3346 676 3394 quo
704 3331 743 3380 dii
769 3332 834 3380 boni
853 3344 889 3379 w:
918 3330 953 3379 ad
972 3330 1044 3395 quod
1072 3330 1137 3380 boni

166 3399 193 3446 V
212 3403 241 3447 at
260 3412 312 3461 quo
331 3398 396 3447 boni
414 3400 431 3447 0
449 3399 484 3448 ad
502 3398 610 3448 boniB
640 3395 650 3463 ΙΙ
679 3400 711 3448 21
734 3394 802 3464 iam]
826 3400 896 3448 inc
925 3395 935 3463 ss
965 3399 998 3447 26
1020 3397 1050 3446 di
1074 3397 1137 3447 ideo

171 3465 252 3514 caelo
269 3465 377 3525 scripsi:
401 3465 439 3513 dii
458 3467 491 3515 de
512 3463 571 3515 celo
589 3466 617 3512 Ι
635 3466 674 3514 dii
696 3466 774 3516 coelo
792 3481 809 3532 ς
832 3469 891 3516 cdd.
922 3463 933 3531 ΙΙ
963 3467 995 3515 28
1019 3466 1137 3514 maximo

167 3534 248 3598 operi
266 3532 283 3578 0
303 3531 345 3580 W:
365 3532 483 3582 maxime
502 3533 619 3596 competi
636 3534 656 3580 B
674 3533 790 3583 maximo
810 3534 921 3598 conpeti
940 3535 1018 3597 operi
1036 3533 1068 3584 V.
