2578 4000
285 202 537 255 corsrnnrrno
556 201 728 279 accusso
745 203 781 254 n.
801 204 910 255 19-22.
1021 201 1080 266 177

108 354 211 420 toniti
239 351 461 436 conciderunt,
488 374 530 416 ne
552 355 643 416 tuum
670 373 729 436 pro
757 352 944 435 republica
970 354 1083 418 uotum
1187 357 1190 368 ⁴

107 439 252 523 amplius
274 459 370 522 quam
391 437 486 502 unius
508 436 613 502 noctis
637 457 713 501 cura
734 437 904 521 tetigisset.
930 437 1083 522 postridie

107 525 200 606 enim
228 544 324 608 quam
351 524 483 606 accepto
511 521 567 585 illo
595 521 709 585 nuntio
737 521 937 606 geminatum
957 521 1083 586 itineris

110 609 255 674 laborem
276 627 471 690 susceperas,
495 627 605 670 omnes
627 605 742 670 fluctus
764 605 927 688 resedisse,
956 626 1084 670 omnem

108 715 210 777 quam
231 691 405 775 reliqueras
420 690 688 774 tranquillitatem
704 689 824 755 redisse
840 689 991 772 didicisti,
1013 692 1109 774 ipsas

111 777 176 842 hcc
204 777 251 842 sic
279 776 449 840 ordinante
476 775 607 839 fortuna
634 778 671 838 ut
695 777 728 839 te
756 775 802 839 ibi
828 796 936 840 rerum
957 778 1083 840 tuarum

110 861 252 926 felicitas
276 861 463 924 admoneret
477 859 526 924 dis
540 859 775 924 immortalibus
789 859 874 926 ferre
894 881 978 944 quae
995 863 1084 924 uota-

112 967 217 1025 ueras,
240 945 295 1010 ubi
318 944 499 1009 deflexisses
521 945 561 1010 ad
576 944 731 1028 templum
750 947 817 1011 toto
840 944 916 1009 orbe
938 944 1084 1030 pulcher-

111 1031 241 1113 rimum,
262 1030 360 1096 immo
375 1029 415 1094 ad
430 1032 642 1113 praesentem,
662 1032 698 1094 ut
713 1028 832 1113 uidisti,
848 1029 951 1095 deum.
974 1029 1097 1093 uidisti·

112 1113 1122 1282 777777777711777111777777

110 1307 192 1350 num
219 1283 366 1370 singulae
388 1282 498 1349 ferunt
522 1304 617 1348 omen
639 1305 807 1348 annorum.
852 1247 904 1346 iic
927 1287 976 1347 est
998 1283 1084 1347 enim

111 1369 326 1434 humanarum
338 1389 488 1432 numerus
496 1367 919 1450 aetatum,quaetibiutique
927 1367 1085 1432 debentur

112 1453 201 1518 ultra
214 1452 340 1536 Pyliam
361 1455 570 1518 senectutem.
600 1454 632 1515 et
647 1451 744 1515 immo
763 1451 839 1534 quid
854 1451 925 1516 dico
943 1451 1083 1516 ‘credo'l

111 1538 224 1604 uidisti
246 1541 340 1621 teque
361 1537 398 1602 in
420 1536 506 1601 illius
529 1537 635 1620 specie
656 1535 889 1620 recognouisti,
914 1536 965 1600 cui
986 1535 1084 1600 totius
1098 1555 1123 1595 rs

112 1623 225 1687 mundi
240 1643 342 1706 regne
358 1621 466 1686 deberi
481 1625 591 1686 uatum
606 1620 748 1684 carmina
762 1619 874 1684 diuina
889 1621 1083 1685 cecinerunt.

109 1707 199 1792 quod
222 1727 282 1792 ego
310 1728 397 1772 nunc
419 1706 547 1771 demum
574 1705 712 1769 arbitror
736 1704 823 1768 conti
850 1704 926 1787 sse,
956 1725 1027 1768 cum
1048 1707 1085 1768 tu

111 1792 170 1876 sis,
193 1794 229 1855 ut
250 1790 315 1873 ille,
339 1791 466 1856 iuuenis
489 1794 522 1854 et
543 1789 646 1854 laetus
670 1792 701 1853 et
723 1789 818 1854 saluti
833 1810 869 1852 er
891 1791 923 1852 et
937 1787 1083 1872 pulcher-

112 1877 230 1960 rimus,
262 1876 446 1960 imperator.
496 1875 610 1939 merito
638 1875 737 1959 igitur
771 1873 999 1958 augustissima
1028 1873 1085 1936 illa

111 1961 247 2026 delubra
269 1961 369 2024 tantis
387 1959 720 2025 donariishouestasti
742 1962 779 2023 ut
800 1959 864 2022 iam
886 1961 996 2022 uetera
1017 1977 1084 2021 non
1097 1977 1123 2017 ac

113 2048 280 2130 quaerant.
306 2046 372 2109 iem
394 2045 501 2109 omnia
522 2047 555 2109 te
577 2065 692 2108 uocare
715 2043 755 2108 ad
777 2064 811 2107 se
832 2042 953 2128 templa
974 2041 1084 2106 uiden·

112 2133 168 2195 tur
196 2131 427 2215 praecipueque
454 2129 573 2212 Apollo
601 2131 726 2210 noster,
765 2128 853 2193 cuius
882 2127 1083 2192 icruentibus

111 2215 206 2362 ⁴appuis
234 2215 374 2298 periuria
398 2215 591 2298 puniuntur,
621 2235 700 2296 quae
728 2215 761 2276 te
790 2213 929 2278 maxime
957 2213 1085 2296 oportet

155 2319 229 2362 rsse.

177 2381 282 2448 XXII.
306 2382 350 2448 Di
370 2382 575 2464 immortales,
599 2379 727 2465 quando
749 2380 839 2444 illum
856 2379 973 2444 dabitis
989 2380 1084 2462 diem,
1097 2397 1123 2438 es

111 2489 187 2617 tlt
203 2465 1086 2637 titillllllllllull?slmttrtwtrtlmtlll'

112 2637 189 2702 hela
216 2574 355 2702 fontium
384 2575 441 2702 ola
469 2634 663 2700 circumeat?
708 2657 842 2718 quorum
871 2633 1086 2718 scaturigines

112 2722 182 2787 leni
203 2724 317 2805 tepore
343 2721 517 2786 nebulosae
539 2718 696 2799 arridere,
726 2719 955 2799 Constantine,
985 2717 1085 2781 oculis

113 2807 179 2871 tuis
202 2809 235 2870 et
250 2805 366 2871 osculis
388 2827 457 2870 sese
471 2806 614 2869 inserere
631 2803 714 2866 uelle
729 2803 889 2869 uidentur.
917 2801 1085 2866 miraberis
1098 2820 1124 2860 ao

185 2999 199 3046 1
219 2993 267 3060 ne]
286 3009 329 3046 me
345 2994 420 3046 Bert.
442 2992 452 3058 ΙΙ
476 2995 491 3043 6
509 2991 655 3042 ordinante
673 2993 748 3043 edd:
767 2993 881 3040 ornante
899 2991 926 3039 A
946 2987 956 3055 ΙΙ
978 2992 993 3039 7
1012 2989 1086 3039 ferre

112 3065 162 3114 W:
179 3063 236 3114 iere
254 3065 278 3114 A
289 3065 309 3113 B
322 3066 340 3113 0
352 3063 375 3110 V
397 3059 574 3127 l'uotaueras
593 3075 654 3124 epo:
672 3073 822 3110 uocaueras
840 3061 867 3107 Η
885 3071 1001 3107 uouerae
1020 3069 1045 3104 w
1072 3053 1084 3121 11

114 3132 146 3180 11
166 3132 220 3181 tibi
237 3130 350 3182 lanceas
367 3130 527 3180 afferentem
546 3128 568 3177 A
594 3125 599 3193 Ι
623 3127 758 3178 tricenum
776 3127 850 3177 edd:
869 3126 974 3175 triceno
992 3125 1020 3177 Μ
1038 3125 1086 3174 tri-

114 3213 244 3249 cenorum
261 3211 286 3247 w
310 3197 320 3263 fl
345 3200 378 3248 14
395 3197 491 3263 pylani
509 3198 532 3244 A
547 3195 551 3260 Ι
570 3196 624 3246 imo
641 3196 662 3243 B
680 3196 702 3244 V
722 3209 776 3244 uno
794 3196 812 3242 (l
828 3191 832 3258 Ι
848 3192 915 3256 quid
934 3191 1021 3254 credo,
1040 3208 1086 3243 om.

111 3266 186 3328 dico,
204 3266 279 3317 Bert.
297 3266 382 3316 BGV
402 3263 413 3331 l
434 3267 465 3315 15
484 3265 561 3314 cuius
579 3264 664 3314 totius
681 3264 704 3313 A
725 3260 735 3328 ΙΙ
757 3263 788 3312 18
806 3257 847 3325 ut]
868 3264 897 3311 et
915 3261 932 3308 (t
953 3258 963 3324 ss
986 3262 1019 3310 20
1036 3259 1086 3312 ho·

113 3334 221 3384 uastati
237 3333 303 3382 ΠΙ
315 3331 355 3398 ull
372 3335 404 3382 21
423 3331 552 3382 uidentur
562 3333 709 3382 Liuineius:
727 3328 876 3380 uideantur
892 3325 941 3392 7111
958 3329 991 3380 at
1009 3327 1086 3378 sedes

111 3403 189 3452 edd:
208 3401 275 3451 edes
293 3403 321 3449 1
338 3400 425 3451 hodes
441 3400 517 3450 Bere.
533 3399 538 3462 Ι
553 3399 664 3449 hanella
681 3400 708 3448 A
726 3395 821 3464 (anela
840 3395 867 3460 c)
889 3393 899 3459 ΙΙ
920 3397 953 3446 28
971 3395 1086 3446 circum·

112 3473 187 3520 meat
204 3470 227 3516 A
245 3465 256 3534 ll
276 3471 309 3584 719
328 3473 423 3534 tepore
441 3468 514 3522 edd„-
532 3470 654 3533 tempore
672 3467 699 3515 Ι
714 3463 725 3530 ΙΙ
742 3468 776 3517 30
793 3464 924 3516 uidentur
941 3462 1085 3516 Heinsius.-

111 3537 265 3587 uideantur

164 3627 322 3671 Puram.
841 3659 849 3672 ,
878 3618 933 3693 „12
1023 3632 1079 3694 pff

841 3689 848 3702 a
879 3687 887 3701 ὁ
913 3690 944 3707 aa
1024 3683 1047 3712 μ
1071 3691 1080 3706 a
