2582 3992
230 152 271 215 78
549 152 572 203 1.
608 150 637 200 0.
659 151 774 201 PLINII
793 151 871 201 PAN.

228 322 305 366 uero
327 323 392 366 non
414 301 508 364 modo
531 300 641 364 domus
664 300 719 363 sed
742 299 886 364 cubicula
908 300 979 383 ipsa
1001 301 1195 384 intimosque
1258 209 1267 392 t

229 408 370 450 secessus
398 385 534 449 recludit
562 385 732 467 omniaque
760 405 877 448 arcana
905 385 1068 462 noscenda
1089 385 1191 448 famae

228 471 379 554 proponit
402 472 496 553 atque
519 469 668 552 explicat.
705 468 761 532 sed
788 469 857 550 tibi,
885 468 1013 546 Caesar,
1042 468 1123 532 nihil
1145 491 1190 532 ac-

229 554 459 619 commodatius
480 554 578 618 fuerit
599 553 638 617 ad
659 553 800 637 gloriam.
817 575 911 636 quam
926 555 1052 636 penitus
1067 554 1189 636 inspici.

203 643 305 704 ssunt
334 638 461 722 quidem
487 638 652 720 praeclara
685 659 765 720 quae
798 638 833 701 in
866 637 1031 720 publicum
1058 637 1190 721 profers,

192 735 194 741 '
229 725 370 789 sednon
400 723 527 786 minora
554 744 592 787 ea
620 743 700 804 quae
728 721 840 786 limine
865 727 974 786 tenes:
998 726 1047 786 est
1069 723 1191 804 magni-

228 809 323 872 ficum
339 806 424 892 quod
438 810 470 871 te
486 807 526 870 ab
549 808 636 871 omni
658 807 852 890 contagione
875 807 1028 870 uitiorum
1048 807 1191 889 reprimis

229 914 265 955 ac
293 912 439 972 reuocas,
473 890 528 954 sed
555 891 813 976 magnificentius
843 891 928 974 quod
955 894 1037 955 tuos
1074 894 1191 974 quanto

229 976 315 1040 enim
341 976 445 1060 magis
473 976 607 1040 arduum
642 979 691 1039 est
724 975 804 1039 alios
836 979 998 1058 praestare
1027 997 1124 1058 qnam
1151 997 1192 1055 se,

190 1087 216 1126 ιο
228 1064 320 1124 tanto
336 1060 526 1124 laudabilius
547 1061 639 1145 quod,
664 1082 735 1124 oum
755 1060 825 1143 ipse
845 1061 888 1123 sis
909 1060 1061 1142 optimus,
1085 1080 1192 1123 omnes

230 1146 368 1209 circata
390 1144 509 1208 similes
529 1146 576 1208 tui
598 1145 741 1209 effecisti.
772 1143 882 1208 multis
904 1145 1082 1208 illustribus
1104 1143 1193 1208 dede·
1270 1217 1271 1228 χ

229 1230 294 1294 cori
314 1229 378 1294 fuit
400 1235 455 1293 aut
476 1225 687 1294 inconsultius
708 1250 789 1293 uxor
809 1232 971 1313 assumpta
992 1232 1047 1292 aut
1069 1232 1195 1292 retenta

228 1314 420 1398 patientius:
449 1315 496 1378 ita
517 1315 595 1378 foris
618 1314 720 1378 claros
744 1313 919 1378 domestica
941 1313 1126 1378 destruebat
1147 1314 1193 1376 in-

227 1399 337 1480 famia,
360 1403 393 1463 et
414 1420 455 1463 ne
477 1399 609 1463 maximi
631 1400 716 1462 ciues
737 1398 930 1462 haberentur
950 1397 1013 1462 hoe
1035 1397 1193 1462 efficiebat

190 1509 215 1548 15
229 1485 312 1568 quod
340 1484 448 1547 mariti
474 1483 613 1547 minores
648 1486 748 1548 erant.
784 1483 844 1547 tibi
872 1504 951 1546 uxor
977 1483 1010 1546 in
1039 1482 1135 1546 decus
1163 1485 1198 1545 et

229 1569 366 1653 gloriam
395 1567 488 1632 cedit.
521 1568 596 1652 quid
625 1568 710 1632 enim
737 1566 792 1631 illa
821 1566 986 1632 sanctius?
1016 1567 1092 1650 quid
1114 1567 1194 1630 anti·
1271 1575 1272 1580 ’

229 1653 345 1736 quius?
367 1674 484 1736 nonne,
507 1653 534 1716 si
555 1653 701 1736 pontifici
723 1653 862 1716 maximo
886 1651 1034 1736 eligenda
1056 1651 1099 1715 sit
1122 1672 1194 1714 con·

229 1741 323 1822 iunx,
352 1741 407 1802 aut
432 1737 517 1802 hanc
543 1742 599 1801 aut
620 1738 756 1801 similem
773 1737 842 1820 (ubi
858 1740 906 1801 cst
921 1741 1026 1800 autem
1042 1735 1194 1818 similis‘l)

229 1823 387 1908 elegerit?
409 1845 503 1906 quam
536 1822 592 1886 illa
619 1821 702 1886 nihil
731 1823 792 1886 sibi
823 1843 862 1886 ex
889 1822 1020 1886 fortuna
1047 1824 1104 1884 tua
1132 1819 1195 1884 nisi
1272 1863 1273 1904 p

192 1931 218 1970 ao
231 1907 383 1991 gaudium
410 1907 571 1970 uindicat!
600 1929 695 1990 quam
723 1908 907 1970 constanter
929 1928 995 1970 non
1016 1904 1196 1988 potentiam
1272 1907 1273 1920 ¹

229 1996 327 2075 tuam,
354 1991 411 2055 sed
437 1993 543 2074 ipsum
570 1993 602 2054 te
630 1992 808 2055 reuereturl
838 1991 923 2055 idem
952 1990 1027 2054 estis
1056 1989 1196 2053 inuicem

229 2078 311 2160 quod
332 2075 450 2158 fuistis,
472 2075 599 2158 probati
622 2097 661 2138 ex
683 2097 793 2172 aequo,
815 2075 959 2160 nihilque
981 2074 1073 2138 uobis
1095 2073 1195 2138 felici·

228 2166 279 2223 tas
316 2159 453 2241 addidit,
486 2159 548 2222 nisi
582 2159 665 2241 quod
699 2181 779 2224 scire
813 2161 963 2243 coepistis
991 2180 1086 2242 quam
1113 2158 1196 2222 bene
1273 2195 1274 2206 κ

229 2248 361 2327 uterque
383 2247 524 2307 uestrum
545 2243 732 2308 felicitatem
754 2246 848 2309 ferat.
882 2246 991 2308 eadem
1013 2265 1109 2326 quam
1131 2264 1196 2306 mo·

190 2350 216 2390 aa
230 2329 300 2393 dica
322 2328 425 2397 cultui
454 2350 549 2412 quam
576 2350 672 2412 parca
700 2330 866 2394 comitatui
896 2351 992 2412 quam
1020 2327 1125 2392 ciuilis
1147 2329 1196 2391 in-

229 2415 335 2478 cessui
358 2414 467 2476 mariti
488 2413 549 2477 hoc
571 2435 661 2497 opus,
684 2414 738 2498 qui
753 2415 800 2478 ita
822 2413 948 2497 imbuit,
970 2413 1017 2476 ita
1038 2412 1196 2476 instituit:

228 2520 305 2562 nam
327 2499 417 2562 uxori
448 2497 568 2562 sufficit
596 2498 741 2582 obsequii
769 2498 882 2583 gloria.
918 2521 971 2582 an,
995 2518 1066 2561 cum
1089 2496 1198 2560 uideat

229 2604 326 2667 quarn
347 2587 380 2645 te
401 2582 508 2645 nullus
531 2584 641 2660 terror,
664 2584 754 2648 nulla
776 2583 944 2649 comitetur
966 2580 1109 2665 ambiti0,
1131 2603 1199 2644 non

230 2671 262 2732 et
283 2667 354 2750 ipsa
377 2687 449 2729 cum
478 2666 605 2730 silentio
633 2668 763 2732 incedat
790 2667 1087 2752 ingredientemque
1109 2665 1198 2750 pcdi-

191 2775 216 2814 so
229 2752 287 2817 bus
314 2751 476 2833 maritum,
504 2751 538 2815 in
565 2755 720 2835 quantum
748 2753 870 2835 patitur
897 2773 1001 2833 sexus,
1030 2748 1199 2814 imitetur?

216 2837 370 2902 'decuerit
396 2835 458 2899 hoc
486 2835 591 2920 illam,
620 2836 745 2900 etiamsi
774 2837 900 2900 diuersa
927 2840 963 2900 tu
990 2835 1101 2899 facias.
1138 2835 1198 2897 sub

229 2922 289 2986 hac
311 2941 387 2984 uero
410 2919 566 2984 modestia
592 2921 654 2984 uiri
681 2923 833 3004 quantam
855 2921 950 2985 debet
971 2918 1199 2984 uerecundiam

229 3027 307 3069 uxor
328 3005 456 3086 marito,
479 3005 601 3068 femina
622 3005 701 3069 sibi!

285 3087 463 3153 LXXXIV.
488 3088 584 3154 Soror
612 3093 719 3153 autem
746 3092 802 3153 tua
830 3092 868 3153 ut
895 3111 929 3152 se
957 3109 1099 3153 sororem
1128 3107 1198 3151 esse

191 3194 217 3233 as
229 3173 388 3236 meminit!
412 3177 449 3237 ut
469 3175 505 3238 in
525 3174 582 3238 illa
601 3175 657 3236 tua
676 3172 874 3259 simplicitas,
897 3177 953 3237 tua
967 3172 1098 3256 ueritas,
1122 3175 1199 3236 tuus

298 3415 312 3460 1
332 3412 426 3463 domos
445 3427 461 3477 ς
485 3409 495 3476 ΙΙ
518 3414 534 3461 2
551 3425 678 3461 recessus
697 3426 713 3477 ς
737 3409 747 3477 ΙΙ
771 3415 803 3464 22
821 3413 930 3478 probati
948 3413 1111 3463 Perizonius:
1135 3425 1200 3475 pro·

229 3479 303 3529 batis
320 3480 348 3527 Μ
365 3479 437 3530 idem
451 3479 577 3544 probatis
597 3478 723 3544 Gieripius
