2578 4000
311 193 562 244 CONSTANTINO
581 192 751 246 AUGUSTO
770 195 804 246 D.
828 197 934 247 15-17.
1047 195 1107 260 173

137 349 186 428 te,
214 343 441 426 Constantine,
471 343 617 408 omnibus
639 343 822 410 hominibus
845 349 894 410 est
915 345 1000 411 iacta
1023 367 1108 412 com-

139 430 256 513 munis,
278 449 339 494 nec
362 428 466 492 solum
488 427 539 492 his
562 449 640 512 quos
662 429 744 493 ratio
767 428 941 495 litterariae
963 431 1051 496 uitae
1071 451 1109 497 oc

137 515 229 599 quies
253 513 428 600 mitigauit,
450 512 507 580 sed
530 513 626 578 etiam
642 513 697 578 ille
719 513 907 580 militarium
929 515 1023 580 ardor
1043 517 1109 581 ani-

138 620 267 664 morum
289 619 339 664 res
364 600 436 662 ectu
453 598 502 662 tui
522 597 612 662 lucra
634 598 836 682 contempsit.
870 599 991 664 fuerint
1010 601 1109 685 aliqui

141 684 300 748 exercitus
324 620 489 750 alacritate
512 683 692 747 aeonibus
714 683 778 748 tuis
800 685 937 750 similes:
972 685 1032 749 tibi
1052 685 1135 750 unis

139 768 282 853 contigit
314 767 432 834 habere
466 769 641 833 exercitum
675 768 864 852 sapientem.
909 769 1003 835 multi
1033 769 1111 834 olim

139 852 1111 1023 sitibit’iiiiiiiiiiidmitiatitttii·

141 1044 220 1107 quos
242 1023 338 1088 facile
360 1022 440 1086 uicit
461 1023 605 1106 quisquis
627 1012 805 1088 aemnlatus
828 1027 885 1089 est.
915 1023 969 1089 hic
990 989 1110 1108 firmus:

140 1107 194 1172 liic
216 1111 366 1172 aeternus
389 1111 438 1172 est
459 1107 666 1192 reipublicae
688 1111 795 1172 custos
818 1129 912 1192 quem
927 1108 1031 1192 ipsum
1054 1129 1112 1192 per
1124 1131 1148 1170 rc

139 1213 175 1258 se
196 1193 316 1257 milites
339 1195 458 1275 amant,
482 1193 532 1256 cui
552 1213 620 1256 non
635 1191 798 1256 eblandita
819 1215 879 1258 nec
893 1192 1026 1258 uendite
1048 1215 1111 1258 ser-

140 1277 190 1342 uit
211 1277 368 1357 adulatio,
401 1276 457 1340 sed
484 1276 620 1360 simplex
647 1279 681 1341 et
702 1276 826 1342 sincera
848 1277 984 1346 deuotio,
1030 1277 1112 1342 dona

141 1366 219 1446 aaa
233 1361 459 1444 Constantine,
481 1361 653 1426 manifeste
667 1363 744 1425 sunt
758 1365 852 1446 grata
867 1361 1033 1445 militibus,
1056 1361 1112 1426 sed

141 1447 202 1512 boc
229 1447 375 1532 gratiora
403 1445 487 1530 quod
509 1448 564 1510 tua
591 1448 675 1511 sunt.
719 1467 935 1531 quaecumque
962 1446 1112 1532 porrigis,

142 1553 240 1596 manu
256 1534 313 1596 tue
334 1531 416 1596 fiunt
438 1531 628 1616 acceptiora.
656 1551 868 1616 quemnemo
883 1535 989 1596 tecam
1004 1534 1151 1615 potestis

141 1615 202 1682 bac
230 1616 406 1681 ambitione
434 1615 644 1681 contendere!
688 1615 904 1699 insuperabile
933 1636 1036 1700 genus
1065 1620 1113 1680 est

143 1701 338 1786 largitionis,
363 1722 435 1766 cum
457 1701 526 1784 ipse
540 1700 636 1764 militi
658 1701 834 1784 praemium
857 1703 907 1764 est
927 1700 1110 1784 imperator.

141 1785 253 1872 itaque
270 1785 385 1850 tribuis
403 1789 440 1850 tu
455 1785 585 1868 quidem
607 1785 799 1850 exercitibus
813 1785 877 1850 tuis
901 1785 997 1849 etiam
1019 1785 1113 1869 plura

144 1891 241 1954 quam
270 1871 416 1956 cupiunt,
446 1869 501 1934 sed
522 1873 613 1934 tuum
641 1873 674 1934 te
700 1871 804 1956 magis
831 1891 966 1952 nomen,
994 1869 1113 1934 triade

142 1957 313 2053 memoria.
326 1957 428 2040 patris
456 1954 647 2038 auctoritas,
679 1957 736 2018 tua
761 1955 880 2020 aetatis
906 1954 1026 2040 gratia,
1048 1959 1114 2038 ¹tua
1127 1975 1152 2016 ac

146 2040 282 2190 denijpue
303 2043 367 2104 ista
388 2039 579 2137 uenerabilis
602 2039 704 2137 forma
727 2039 939 2139 commendat.
1057 2123 1063 2136 ι

145 2123 684 2307 culumviiiipdildltbrrubddllelsldbnbl,
699 2125 841 2294 iiirmdubl
856 2124 1115 2307 iiidleddiaemiddi

145 2315 272 2392 summa
301 2298 350 2359 est
377 2294 531 2359 fortitudo
560 2293 664 2358 adhuc
690 2297 799 2359 tamen
829 2295 956 2377 crescit,
988 2316 1025 2392 in
1052 2313 1115 2378 quo

146 2376 1117 2529 ¹³¹ti¹¹ttiti¹¹tiiahitttntitttititiii
1129 2397 1155 2438 ²⁵

146 2485 247 2614 {lem
262 2487 538 2614 Macetumpillum
553 2483 673 2634 regim,
692 2549 792 2614 talem
806 2485 1115 2614 Thessalumpuirum

220 2794 233 2841 1
258 2789 362 2851 omnib3
380 2788 515 2843 carcinite
533 2790 642 2873 scripsi:
666 2789 740 2838 omni
757 2788 860 2838 homini
877 2788 910 2835 W
932 2787 1051 2838 omnium
1069 2787 1117 2837 ho-

150 2857 253 2908 minum
271 2860 294 2906 A
311 2858 331 2906 B
349 2857 366 2905 (i
385 2857 407 2905 V
427 2854 437 2921 ΙΙ
458 2857 474 2906 2
493 2855 536 2906 his
555 2858 585 2904 c:
604 2855 658 2906 hiis
677 2857 704 2905 H
721 2857 761 2906 hii
778 2869 803 2905 w
820 2855 849 2905 hi
866 2856 925 2905 edd.
941 2853 945 2920 Ι
960 2854 1116 2906 litterariae

151 2935 190 2973 w:
207 2925 318 2976 litterae
335 2925 362 2973 H
376 2920 381 2985 Ι
396 2925 472 2974 uitae
490 2938 523 2972 ae
540 2924 649 2988 scripsi:
666 2923 743 2974 uitae
756 2923 783 2971 1
800 2919 810 2988 ΙΙ
831 2926 847 2974 3
865 2923 999 2987 quiesque
1017 2935 1042 2971 w
1060 2923 1118 2972 edd.

156 2987 170 3054 ΙΙ
190 2993 208 3042 4
227 2993 339 3043 fuerunt
356 2992 389 3040 W
409 2990 420 3056 ΙΙ
441 2993 457 3042 5
475 2990 531 3040 tuis
549 3004 577 3055 ςε
596 2991 636 3040 tui
653 2992 681 3038 1
698 2995 746 3040 tuo
764 2992 823 3042 edd.
843 2987 853 3055 ΙΙ
874 2991 889 3040 6
907 2989 1009 3040 habere
1027 3005 1118 3040 exerc.

151 3058 175 3107 A
192 3060 237 3110 W:
258 3075 349 3112 exerc.
368 3059 469 3112 habere
485 3059 507 3107 B
525 3059 581 3108 GV
604 3057 609 3123 Ι
635 3055 711 3124 clim]
733 3059 805 3110 enim
823 3060 846 3106 A
870 3055 879 3123 ΙΙ
904 3061 918 3108 7
937 3057 1018 3123 praui
1035 3057 1119 3110 duces

153 3131 275 3178 certasse
292 3129 401 3193 scripsi:
422 3125 541 3176 fortasse
560 3126 640 3191 praui
657 3127 741 3178 duces
757 3124 835 3192 11Ι9
853 3127 1008 3176 aemulatus
1025 3127 1121 3192 scripsi

153 3195 169 3242 l.
188 3197 203 3244 1.
221 3213 247 3260 p.
267 3198 336 3246 220:
354 3194 478 3244 imitatus
496 3196 525 3243 11
553 3192 563 3260 Ι
594 3197 624 3246 11
645 3196 690 3246 cui
707 3211 759 3246 nec
776 3194 809 3244 W
829 3190 834 3257 Ι
853 3192 994 3244 eblandita
1011 3193 1120 3258 scripsi:

153 3260 280 3312 blandita
298 3262 325 3310 1
346 3259 357 3328 ΙΙ
381 3264 413 3313 13
431 3261 559 3312 militium
577 3266 600 3312 A
621 3262 631 3329 ΙΙ
654 3264 686 3313 14
704 3259 765 3328 hoc]
786 3262 836 3311 hec
854 3262 876 3311 A
894 3262 916 3309 V
939 3259 949 3327 Ι
974 3262 1006 3311 15
1024 3276 1106 3326 quam

152 3331 283 3392 quoniam
300 3331 334 3378 W
357 3329 362 3393 Ι
387 3334 478 3394 potest
497 3333 588 3381 tecum
607 3334 638 3393 c,
659 3332 709 3382 nisi
726 3331 795 3396 quod
811 3335 867 3396 pot.
886 3329 939 3380 hac
958 3334 1048 3380 tecum
1065 3343 1083 3378 a

155 3396 187 3446 18
204 3403 235 3449 tu
253 3398 361 3464 quidem
380 3398 435 3448 tuis
454 3413 495 3448 ex.
512 3396 603 3452 Bora:
624 3403 656 3450 tu
673 3398 728 3448 tuis
747 3397 855 3462 quidem
874 3413 917 3449 ex.
934 3399 955 3446 B
973 3400 991 3446 c
1010 3397 1031 3444 V
1054 3393 1065 3461 ΙΙ
1088 3397 1121 3446 20

154 3465 218 3514 tuae
237 3465 340 3518 aetatis
357 3465 443 3527 Bere..
463 3467 522 3516 edd.
551 3464 561 3532 ΙΙ
591 3470 624 3518 26
647 3467 810 3534 perstringit
828 3465 861 3514 W
890 3463 900 3530 ΙΙ
929 3467 962 3516 27
985 3465 1120 3516 blaseium

152 3534 249 3596 scripsi
264 3537 280 3584 l.
298 3535 315 3583 l.
333 3551 359 3598 p.
379 3535 445 3582 220:
463 3547 591 3600 magnum
609 3537 636 3583 11
