2586 3996
212 169 275 233 302
535 169 597 219 1111.
626 168 759 220 111111
778 169 857 219 rin.

212 319 354 384 fluminis
382 317 516 382 altitudo
544 321 705 382 remorata
727 318 770 381 sit
791 318 884 400 quin,
916 319 952 380 11
974 319 1043 380 1111
1068 337 1108 380 ex
1130 318 1184 386 iti·

212 426 289 468 nere
311 403 500 488 longissimo
522 402 656 468 anbelus
677 407 773 484 atque
787 401 972 484 puluerem,
997 422 1094 485 equos
1118 402 1185 466 cal-

213 489 339 552 caribus
361 489 527 572 incitaret,
551 509 678 552 amnem
700 487 806 550 nando
829 485 1053 569 coniungeret,
1076 486 1182 569 ripam

212 572 365 655 insiliret,
406 575 535 656 paratos
573 572 708 654 denique
748 573 1015 654 expectantesque
1047 569 1183 653 depren-

187 657 311 724 sderct.
356 678 460 721 sermo
487 657 548 720 iste
569 655 725 740 prolixior
753 659 802 719 est
830 676 925 738 qnam
951 653 1008 718 illa
1032 675 1084 718 ras
1105 655 1181 718 fuit.

212 741 267 804 uix
294 741 428 805 fluuium
461 762 575 804 manus
602 741 724 805 inuicta
751 742 938 804 transierat:
980 739 1045 802 iam
1073 739 1183 804 locum

213 826 290 889 belli
311 826 453 890 tenebat.
498 826 552 889 uir
573 825 698 889 hostem
719 826 902 888 inuenerat:
925 823 991 886 iam
1012 823 1181 906 urguebat.
1269 841 1270 908 l

213 911 267 973 uix
289 912 418 992 pectora
440 909 579 973 uiderat:
606 909 671 973 iam
691 912 785 994 terga
807 909 969 972 caedebat.
1012 907 1107 970 datur
1128 908 1182 971 de-
1269 913 1270 990 f

213 993 280 1057 bito
302 995 421 1057 rebelle
443 1015 560 1078 agmen
583 994 693 1072 exitio,
716 992 890 1056 uoluuntur
911 992 1029 1075 impiae
1051 991 1088 1055 in
1109 1013 1181 1056 san·
1269 993 1270 1042 l

175 1104 200 1142 10
214 1078 312 1161 guine
341 1098 396 1140 suo
423 1077 550 1159 turbae,
583 1078 667 1161 tegit
694 1080 778 1142 totos
805 1080 930 1162 strages
957 1097 1023 1139 una
1051 1097 1181 1160 campos
1269 1113 1270 1118 κ

215 1161 437 1245 continuisque
457 1161 624 1226 funeribus
650 1165 765 1225 cuncta
786 1161 850 1225 late
872 1162 1070 1244 operiuntur.
1115 1162 1181 1224 iam

235 1247 267 1310 ui
302 1245 341 1310 ad
370 1266 478 1310 muros
505 1245 680 1311 differenda
713 1251 815 1310 morte
838 1249 1097 1329 'properauerant
1126 1249 1183 1309 aut

213 1268 317 1396 iussas
340 1330 545 1395 cadaueribus
568 1330 751 1414 aequabant
775 1333 831 1395 aut
853 1330 956 1394 obuiis
978 1329 1111 1393 sudibus
1133 1331 1180 1394 in-

214 1415 395 1482 duebantur
427 1419 483 1480 aut
509 1419 617 1498 portas
651 1437 727 1498 quas
760 1415 928 1498 eruptione
959 1413 1182 1497 patefecerant

176 1521 201 1562 15
214 1503 316 1563 morte
351 1500 552 1567 claudebant.
597 1503 631 1562 at
658 1520 794 1582 quorum
823 1520 856 1562 se
883 1499 980 1582 fugae
1007 1497 1181 1581 imperuius

214 1584 292 1666 ripis
320 1583 422 1648 amnis
450 1583 584 1666 obiecit,
614 1584 803 1666 trepidando
832 1583 957 1647 collecti
984 1585 1017 1646 et
1044 1583 1181 1646 alterum

215 1668 347 1752 quisque
370 1669 527 1752 complexi
549 1690 606 1752 per
627 1669 765 1752 abrupta
787 1668 1016 1752 glomerantur.
1052 1671 1182 1750 spumat

216 1752 343 1817 decolor
381 1774 492 1817 cruore
522 1753 639 1817 fluuius
677 1755 709 1816 et
741 1755 929 1817 annotantes
965 1754 1090 1815 meatus
1125 1752 1181 1814 uix

215 1837 366 1900 eructabis
400 1837 607 1902 cadaueribus
640 1837 762 1901 euoluit
790 1840 887 1920 utque
918 1858 952 1900 se
984 1835 1045 1899 tibi
1073 1838 1182 1918 posset

176 1943 201 1982 eo
215 1922 348 2004 speciali
375 1921 532 2004 imputare
560 1921 692 2002 militia,
727 1921 832 2004 ipsum
861 1920 952 1984 illum
980 1920 1180 1984 uexillarium

215 2006 389 2091 sacrilegae
420 2007 570 2070 factionis
602 2007 703 2070 auidis
732 2005 915 2090 gurgitibus
947 2003 1112 2068 absorbuit
1139 2009 1180 2085 et,

216 2111 256 2153 ne
280 2091 375 2154 morti
404 2091 568 2172 sepultura
590 2091 794 2175 contingeret
801 2139 810 2171 ,
840 2090 975 2154 cadauer
1002 2088 1179 2154 abscondit.

214 2195 323 2237 nonne
339 2177 471 2256 utroque
492 2175 667 2238 credendus
680 2177 755 2238 tuae
777 2173 936 2238 studuisse
954 2172 1128 2256 uindictae,
1150 2176 1181 2236 et

215 2256 396 2321 adiuuando
418 2257 588 2322 uictoriam
610 2262 642 2322 et
664 2259 850 2342 occupando
873 2257 1097 2323 clementiam?

177 2361 202 2402 11
279 2340 414 2406 XXXV.
468 2341 522 2406 En
554 2343 614 2407 tibi
647 2343 780 2408 alteram
809 2364 952 2428 pugnam
985 2342 1180 2425 alteramque

214 2425 392 2490 uictoriam.
422 2427 554 2491 dilectas
576 2429 611 2491 in
633 2429 787 2511 proelium
806 2427 1012 2492 Marcellinus
1035 2425 1180 2490 cohortes

216 2513 247 2572 et
274 2510 379 2592 ipsum
406 2510 559 2575 factionis
592 2511 735 2576 nefariae
762 2512 859 2576 robur
887 2512 945 2576 illa
970 2510 1046 2574 belli
1077 2509 1180 2574 ciuilis
1269 2523 1270 2536 ¹

215 2592 367 2678 Megaera
387 2595 540 2678 rapiebat,
563 2599 656 2659 tanto
672 2597 784 2661 ceteris
805 2595 996 2660 satellitibus
1013 2594 1181 2658 audentior

215 2681 334 2761 quanto
364 2679 552 2744 exertiorem
581 2702 711 2763 operam
743 2682 887 2745 nauabat
913 2684 1054 2763 tyranno
1083 2679 1182 2742 frater
1269 2755 1270 2758 Ἴ

176 2783 201 2823 ao
215 2764 353 2859 tyranni.
400 2784 461 2846 quo
490 2763 622 2910 ‘lumem'
644 2765 878 2862 maxime'tuus
905 2764 1066 2861 gaudebat
1094 2777 1183 2859 exer*

215 2849 311 2930 c1tus,
335 2869 406 2912 cum
429 2870 462 2912 se
484 2872 505 2912 u
518 2851 570 2912 tro
592 2849 716 2914 mderet
738 2851 860 2914 lacessi·
896 2871 950 2933 qur
972 2846 1057 2912 mhil
1075 2868 1181 2932 magis

214 2931 365 2997 timuerat
391 2954 487 3014 quam
513 2933 636 3017 timeri,
670 2934 749 2999 adeo
778 2934 905 3017 quidem
938 2935 974 2996 ut
1002 2932 1115 3011 castris
1143 2932 1182 2995 ad

283 3157 296 3202 l
316 3156 352 3204 sit
370 3155 443 3204 edd:
462 3156 518 3206 sint
529 3155 557 3200 Μ
572 3153 577 3218 Ι
593 3171 627 3205 ex
645 3155 804 3219 longissimo
822 3156 920 3206 itinere
938 3155 1022 3204 Bcv
1033 3154 1066 3204 W
1078 3151 1118 3219 ΙΙ4
1135 3169 1183 3220 pu·

214 3224 289 3270 ratos
307 3224 329 3269 A
348 3221 581 3285 ldcprehenderet
597 3223 618 3270 B
632 3224 649 3270 0
662 3224 683 3270 V
695 3225 727 3272 W
748 3220 758 3287 ΙΙ
780 3225 795 3272 5
814 3222 868 3273 fuit
885 3225 1031 3274 Acidaliae:
1053 3221 1140 3272 fuerit
1156 3221 1183 3268 1

216 3283 227 3350 ll
251 3289 267 3335 8
286 3286 406 3338 debitore
424 3289 496 3340 belle
514 3289 537 3339 A
554 3289 674 3341 debitore
692 3289 761 3341 belli
777 3292 871 3353 Rev,
892 3307 960 3342 corr.
978 3303 1003 3338 w
1026 3287 1036 3354 ΙΙ
1061 3291 1181 3340 101111·
1269 3309 1270 3346 1

213 3356 256 3417 gis
274 3355 297 3400 A
315 3351 324 3418 ll
343 3357 373 3404 15
392 3357 541 3419 imperinus
559 3358 582 3407 A
599 3355 608 3422 ΙΙ
632 3360 662 3407 19
679 3357 809 3408 eluctatis
826 3360 863 3421 H,
882 3375 951 3409 corr.
972 3358 1184 3420 Eyssenharuaa
1269 3351 1270 3392 ἶ

215 3419 227 3485 ll
247 3422 280 3472 20
297 3420 460 3484 uexillarum
476 3425 596 3474 Aaou
612 3423 622 3489 ll
643 3427 675 3474 22
693 3427 774 3475 morti
791 3425 883 3490 Cura:
901 3427 997 3477 mortis
1009 3425 1035 3472 u
1053 3422 1062 3490 ΙΙ
1083 3425 1117 3473 26
1136 3424 1180 3474 de·

213 3489 301 3538 lectas
319 3490 347 3535 11
365 3488 469 3542 deletas
487 3505 512 3540 11
533 3489 543 3555 fl
564 3494 597 3543 29
615 3494 781 3544 exercicrem
798 3495 834 3558 Μ,
856 3494 1049 3546 execratiorem
1067 3505 1092 3540 w
