2586 3996
335 226 552 279 GRATIARUM
569 225 681 278 ACTIO
699 225 863 277 IULIANO.
885 228 959 276 1-a.
1069 221 1132 288 245

164 378 312 442 indiserti
345 379 401 440 aut
428 376 550 461 ingrati
584 378 668 438 esset
694 374 782 438 fama
814 375 987 438 subeunda.
1032 374 1132 438 malui

165 484 235 545 erpo
265 460 479 544 eloquentiam
501 460 607 544 potius
633 481 729 543 quam
750 459 905 542 pietatem
932 480 1009 543 erga
1030 463 1063 522 te
1086 458 1132 522 of-

163 547 237 611 ficio
257 567 328 611 meo
343 545 526 609 desiderari.
556 547 590 608 et
611 565 689 608 sane
710 545 746 607 in
760 543 811 608 his
826 543 1000 607 honoribus
1018 543 1131 626 quibus

163 653 215 696 me
242 631 332 715 prius
358 629 546 693 honestaras
574 629 678 693 minor
706 649 775 692 esse
804 650 899 692 causa
927 627 966 692 ad
993 627 1132 775 agendas

164 717 285 801 gratias
306 714 482 778 uidebatur.
526 736 602 778 nam
626 735 697 777 cum
719 734 770 776 me
793 713 948 776 aerarium
969 735 1014 796 pu
1036 712 1158 779 licums

165 822 277 864 curare
306 798 452 882 uoluisti,
483 820 555 862 cum
580 819 736 880 quaerens
764 798 868 861 uirum
896 797 995 861 animi
1023 797 1133 880 magni

165 885 317 948 aduersus
343 883 528 966 pecuniam,
564 882 658 946 liberi
686 881 839 946 aduersus
869 881 1006 946 offensas
1012 931 1021 965 ,
1060 902 1133 944 con-

164 971 281 1033 stantis
310 967 462 1031 aduersus
483 966 640 1031 inuidiam
667 988 718 1030 me
741 967 796 1049 qui
818 966 878 1029 tibi
904 965 1030 1030 uiderer
1052 965 1133 1030 eius·
1188 1025 1194 1036 ,

164 1053 250 1117 modi
272 1052 420 1137 delegisti
442 1052 537 1135 idque
559 1073 596 1115 eo
617 1055 761 1134 tempore
783 1073 845 1135 quo
869 1050 1041 1115 exhaustae
1064 1072 1133 1133 pro-

165 1137 290 1201 uinciae
312 1137 430 1221 partim
453 1135 700 1220 depraedatione
721 1135 903 1219 barbarica,
925 1137 1046 1218 partim
1067 1156 1133 1198 non
1147 1153 1172 1192 10

163 1221 269 1285 minus
298 1222 480 1286 exitialibus
508 1242 604 1304 quam
626 1219 783 1304 pudendis
805 1219 1055 1304 praesidentium
1085 1241 1133 1282 ra·

163 1307 249 1389 pinis
282 1306 368 1369 ultro
402 1327 496 1388 opem
523 1304 726 1388 imperatoris
758 1306 983 1386 exposcerent,
1016 1303 1134 1367 milites

164 1411 258 1472 saepe
286 1391 442 1452 anteactis
463 1388 663 1472 temporibus
685 1387 761 1450 ludo
781 1386 886 1450 habiti
908 1408 1058 1470 praesens
1081 1389 1135 1451 sti·

163 1473 317 1558 pendium
339 1472 540 1556 flagitarent:
563 1492 689 1556 quoquo
711 1471 805 1535 modo
827 1470 960 1535 uidebar
980 1471 1135 1536 honorem

165 1579 261 1621 onere
284 1578 430 1640 pensare.
475 1559 508 1620 at
531 1577 602 1620 cum
630 1578 681 1619 me
703 1557 880 1639 praetoriis
893 1556 1080 1639 praefecisti
1102 1560 1135 1621 et
1147 1575 1172 1614 15

163 1641 348 1727 prouincias
371 1641 410 1704 de
433 1644 464 1705 te
487 1639 615 1726 egregie
641 1641 772 1704 meritas
795 1663 883 1704 meae
905 1641 979 1704 fidei
1000 1641 1133 1705 tutelae-

164 1748 226 1809 que
249 1724 420 1808 mandasti,
444 1727 560 1809 ingens
582 1724 693 1788 iudicii
714 1725 762 1789 tui
783 1724 847 1788 fuit
868 1747 995 1805 munira,
1022 1725 1078 1788 sed
1100 1726 1135 1788 in

165 1832 202 1874 eo
223 1830 291 1873 non
311 1809 390 1873 mihi
408 1809 512 1873 solum
527 1831 621 1892 quem
636 1814 730 1873 tanta
743 1813 904 1892 potestate
922 1809 1134 1894 succinxeras,

164 1916 276 1958 uerum
306 1894 403 1958 etiam
431 1895 571 1978 negotiis
596 1894 660 1958 tuis
691 1893 906 1958 commodasse
934 1894 1133 1978 aliquatenus

164 1978 324 2043 uidebare.
1145 1997 1172 2035 20
1259 2045 1262 2048 ¹

227 2063 269 2127 Π.
304 2063 403 2127 Porro
426 2064 461 2135 in
483 2062 682 2127 decernendo
706 2063 875 2127 consulatu
896 2064 1027 2127 remotis
1048 2063 1133 2127 utili-

163 2147 285 2212 tatibus
299 2148 363 2211 tuis
386 2149 546 2212 rationem
567 2170 658 2212 meae
680 2148 783 2212 solum
798 2147 966 2232 dignitatis
981 2147 1133 2212 habuisti.
1214 2142 1219 2150 “

163 2254 241 2296 nam
267 2233 302 2294 in
325 2233 658 2296 administrationibus
679 2232 769 2296 labos
792 2232 908 2297 honori
936 2232 1132 2317 adiungitur,

164 2317 199 2380 in
228 2316 397 2380 consulatu
422 2315 523 2380 honos
552 2317 621 2379 sine
643 2316 752 2381 labore
780 2317 962 2400 suscipitur.
1008 2319 1043 2380 in
1069 2317 1133 2381 illis
1172 2381 1175 2386 ,

165 2402 192 2464 si
214 2400 344 2463 laeteris
373 2400 506 2483 cupidae
530 2400 714 2464 ambitionis
742 2422 811 2465 esse
833 2400 988 2483 uidearis,
1016 2403 1050 2464 in
1072 2400 1133 2466 hoc
1147 2418 1172 2458 ²⁵

163 2484 225 2548 nisi
254 2487 364 2568 aperte
392 2488 425 2549 et
445 2484 613 2569 propalam
643 2485 770 2549 laeteris
798 2487 943 2571 ingratus
972 2486 1026 2551 sis.
1070 2486 1133 2550 huc

164 2569 286 2633 accedit
313 2569 397 2652 quod
424 2569 494 2654 ipsa
521 2567 601 2634 haec
628 2570 704 2634 urbs
731 2574 826 2654 atquc
854 2571 916 2635 hoc
944 2571 1133 2656 augustissi-

162 2675 251 2717 mum
274 2654 399 2718 consilii
420 2654 542 2737 publici
564 2656 719 2738 templum
741 2655 882 2719 officium
900 2655 993 2719 huius
1016 2656 1133 2718 oratio·

163 2738 215 2801 nis
238 2737 429 2822 efflagitant.
457 2737 536 2802 haec
551 2738 612 2801 tibi
631 2739 770 2802 nominis
792 2741 881 2821 noui,
906 2738 961 2802 sed
976 2739 1132 2821 antiquis·

164 2820 262 2883 simae
295 2822 472 2884 nobilitatis
510 2821 623 2884 ciuitas
656 2823 762 2904 patria
795 2826 862 2886 cst:
906 2822 959 2886 hic
992 2822 1132 2904 primum
1145 2841 1172 2880 ao

164 2903 282 2986 editus,
311 2903 364 2968 hic
391 2905 481 2987 quasi
504 2903 664 2986 quoddam
692 2905 832 2969 salutare
854 2905 995 2971 humano
1020 2907 1132 2990 generi

162 3059 367 3068 ——.—-

230 3145 246 3192 2
265 3157 331 3208 ergo
351 3144 454 3192 addidi:
472 3159 518 3192 om.
530 3144 558 3191 11
572 3141 576 3207 Ι
592 3142 685 3194 officio
702 3159 762 3194 meo
781 3161 841 3209 epo:
860 3143 981 3196 officium
998 3161 1087 3196 meum
1105 3148 1132 3195 11

163 3208 340 3274 officiumque
358 3225 445 3261 meum
464 3212 522 3262 edd.
541 3207 551 3275 ΙΙ
571 3214 589 3260 4
606 3211 769 3262 honestaras
786 3214 810 3261 A
821 3215 854 3261 W
865 3211 955 3263 Bert:
974 3214 1130 3266 honestatis

161 3277 182 3326 B
201 3277 218 3324 0
235 3277 257 3323 V
274 3275 284 3342 l
306 3279 322 3327 5
341 3293 401 3327 cum
419 3279 453 3328 A:
473 3283 530 3328 tum
546 3287 605 3329 cett.
624 3278 634 3345 ΙΙ
655 3282 671 3330 6
691 3295 823 3345 quaerens
839 3282 971 3345 Hauptiuc
983 3283 1072 3332 Herm.
1086 3283 1102 3330 J
1107 3282 1135 3332 V

161 3361 187 3410 p.
206 3347 271 3394 152:
290 3359 432 3410 quaereres
449 3347 476 3394 Η
493 3343 503 3411 ΙΙ
526 3348 558 3397 10
576 3349 678 3411 partim
696 3348 824 3413 depraed.
843 3348 919 3398 barb.
939 3365 984 3400 om.
1004 3350 1021 3397 0
1039 3349 1132 3414 (1θῇᾶί-

162 3411 272 3462 catione
290 3414 314 3461 A
337 3411 347 3478 ΙΙ
374 3415 406 3463 15
425 3429 496 3474 cum3
515 3417 596 3464 malim
614 3416 685 3481 quod
708 3413 718 3480 ΙΙ
749 3417 781 3466 19
801 3413 895 3482 etiam]
913 3418 977 3467 ean
997 3421 1013 3467 c
1033 3416 1038 3480 Ι
1059 3433 1131 3467 com-

160 3479 302 3531 mendasse
313 3482 349 3540 11,
368 3497 435 3531 corr.
450 3482 586 3532 Bhenanus
599 3481 609 3548 ΙΙ
622 3486 654 3534 '23
672 3483 753 3533 labos
764 3483 788 3532 Δ
799 3482 890 3534 Bert:
910 3486 988 3536 labor
1000 3486 1020 3533 B
1033 3489 1050 3533 c
1063 3485 1085 3532 V
1098 3485 1131 3530 W

160 3545 170 3614 ll
188 3549 221 3598 24
237 3551 319 3600 malim
336 3553 367 3598 ut
385 3551 413 3598 in
433 3549 490 3601 illis
511 3546 521 3615 ss
542 3551 575 3602 29
594 3551 732 3614 efflagitat
748 3553 768 3600 B
788 3551 809 3599 V
827 3553 860 3600 W
