<?xml version="1.0" encoding="UTF-8"?>
<!DOCTYPE html PUBLIC "-//W3C//DTD XHTML 1.0 Transitional//EN"
    "http://www.w3.org/TR/xhtml1/DTD/xhtml1-transitional.dtd">
<html xmlns="http://www.w3.org/1999/xhtml" xml:lang="en" lang="en">
 <head>
  <title>
</title>
<meta http-equiv="Content-Type" content="text/html;charset=utf-8" />
  <meta name='ocr-system' content='tesseract 3.04.00' />
  <meta name='ocr-capabilities' content='ocr_page ocr_carea ocr_par ocr_line ocrx_word'/>
</head>
<body>
  <div class='ocr_page' id='page_1' title='image "./xiipanegyricila02baehgoog_0136.png"; bbox 0 0 2582 3992; ppageno 0'>
   <div class='ocr_carea' id='block_1_1' title="bbox 192 141 857 238">
    <p class='ocr_par' dir='ltr' id='par_1_1' title="bbox 192 141 857 238">
     <span class='ocr_line' id='line_1_1' title="bbox 192 141 857 238; baseline 0.002 -15"><span class='ocrx_word' id='word_1_1' title='bbox 192 173 252 238; x_wconf 83' lang='lat'><strong>104</strong></span> <span class='ocrx_word' id='word_1_2' title='bbox 486 174 537 224; x_wconf 86' lang='lat'><em>111.</em></span> <span class='ocrx_word' id='word_1_3' title='bbox 572 141 627 224; x_wconf 80' lang='lat' dir='ltr'><strong>on.</strong></span> <span class='ocrx_word' id='word_1_4' title='bbox 645 173 857 224; x_wconf 83' lang='lat' dir='ltr'><strong>nnusemm</strong></span> 
     </span>
    </p>
   </div>
   <div class='ocr_carea' id='block_1_2' title="bbox 111 321 1227 2940">
    <p class='ocr_par' dir='ltr' id='par_1_2' title="bbox 111 321 1227 2940">
     <span class='ocr_line' id='line_1_2' title="bbox 190 321 1158 405; baseline 0 -16"><span class='ocrx_word' id='word_1_5' title='bbox 190 326 225 389; x_wconf 88' lang='lat' dir='ltr'><strong>in</strong></span> <span class='ocrx_word' id='word_1_6' title='bbox 240 323 374 388; x_wconf 76' lang='lat' dir='ltr'><strong>eduense</strong></span> <span class='ocrx_word' id='word_1_7' title='bbox 391 321 550 386; x_wconf 88' lang='lat' dir='ltr'><strong>nitentem</strong></span> <span class='ocrx_word' id='word_1_8' title='bbox 565 321 687 405; x_wconf 85' lang='lat' dir='ltr'><strong>impetu</strong></span> <span class='ocrx_word' id='word_1_9' title='bbox 703 321 782 386; x_wconf 86' lang='lat' dir='ltr'><strong>caeli</strong></span> <span class='ocrx_word' id='word_1_10' title='bbox 796 323 883 405; x_wconf 88' lang='lat' dir='ltr'><strong>repit</strong></span> <span class='ocrx_word' id='word_1_11' title='bbox 898 322 1006 388; x_wconf 85' lang='lat' dir='ltr'><strong>solem.</strong></span> <span class='ocrx_word' id='word_1_12' title='bbox 1030 323 1158 389; x_wconf 87' lang='lat' dir='ltr'><strong>itidem·</strong></span> 
     </span>
     <span class='ocr_line' id='line_1_3' title="bbox 191 405 1158 494; baseline 0.001 -21"><span class='ocrx_word' id='word_1_13' title='bbox 191 430 266 492; x_wconf 86' lang='lat' dir='ltr'><strong>que,</strong></span> <span class='ocrx_word' id='word_1_14' title='bbox 297 407 506 489; x_wconf 73' lang='lat' dir='ltr'>Maximiano,</span> <span class='ocrx_word' id='word_1_15' title='bbox 535 405 683 470; x_wconf 85' lang='lat' dir='ltr'><strong>Herculis</strong></span> <span class='ocrx_word' id='word_1_16' title='bbox 712 408 758 472; x_wconf 71' lang='lat' dir='ltr'><strong>tor</strong></span> <span class='ocrx_word' id='word_1_17' title='bbox 782 409 899 471; x_wconf 78' lang='lat' dir='ltr'><strong>uirtus.</strong></span> <span class='ocrx_word' id='word_1_18' title='bbox 943 408 1038 472; x_wconf 82' lang='lat' dir='ltr'><strong>mitto</strong></span> <span class='ocrx_word' id='word_1_19' title='bbox 1061 409 1158 494; x_wconf 49' lang='lat' dir='ltr'><strong>quodq</strong></span> 
     </span>
     <span class='ocr_line' id='line_1_4' title="bbox 190 491 1160 573; baseline 0 -16"><span class='ocrx_word' id='word_1_20' title='bbox 190 493 266 557; x_wconf 84' lang='lat' dir='ltr'><strong>dum</strong></span> <span class='ocrx_word' id='word_1_21' title='bbox 293 492 378 569; x_wconf 81' lang='lat' dir='ltr'><strong>inter</strong></span> <span class='ocrx_word' id='word_1_22' title='bbox 405 491 551 558; x_wconf 87' lang='lat' dir='ltr'><strong>homines</strong></span> <span class='ocrx_word' id='word_1_23' title='bbox 579 493 662 573; x_wconf 84' lang='lat' dir='ltr'><strong>eret,</strong></span> <span class='ocrx_word' id='word_1_24' title='bbox 696 493 797 554; x_wconf 85' lang='lat' dir='ltr'><strong>terras</strong></span> <span class='ocrx_word' id='word_1_25' title='bbox 824 501 941 564; x_wconf 67' lang='lat' dir='ltr'><strong>omnes,</strong></span> <span class='ocrx_word' id='word_1_26' title='bbox 962 495 995 556; x_wconf 94' lang='lat' dir='ltr'><strong>et</strong></span> <span class='ocrx_word' id='word_1_27' title='bbox 1021 513 1160 573; x_wconf 81' lang='lat' dir='ltr'><strong>nemore</strong></span> 
     </span>
     <span class='ocr_line' id='line_1_5' title="bbox 189 573 1158 662; baseline 0.001 -22"><span class='ocrx_word' id='word_1_28' title='bbox 189 577 334 662; x_wconf 87' lang='lat' dir='ltr'><strong>paeeuit,</strong></span> <span class='ocrx_word' id='word_1_29' title='bbox 367 575 462 640; x_wconf 88' lang='lat' dir='ltr'><strong>urbes</strong></span> <span class='ocrx_word' id='word_1_30' title='bbox 490 575 627 639; x_wconf 89' lang='lat' dir='ltr'><strong>dominis</strong></span> <span class='ocrx_word' id='word_1_31' title='bbox 654 573 833 640; x_wconf 78' lang='lat' dir='ltr'><strong>crudelibus</strong></span> <span class='ocrx_word' id='word_1_32' title='bbox 861 575 1024 659; x_wconf 83' lang='lat' dir='ltr'><strong>liberauit,</strong></span> <span class='ocrx_word' id='word_1_33' title='bbox 1058 578 1158 642; x_wconf 82' lang='lat' dir='ltr'><strong>etiam</strong></span> 
     </span>
     <span class='ocr_line' id='line_1_6' title="bbox 111 659 1158 743; baseline 0.004 -21"><span class='ocrx_word' id='word_1_34' title='bbox 111 685 114 692; x_wconf 51' lang='lat'><strong>⁴</strong></span> <span class='ocrx_word' id='word_1_35' title='bbox 164 662 279 727; x_wconf 77' lang='lat' dir='ltr'><strong>eceelo</strong></span> <span class='ocrx_word' id='word_1_36' title='bbox 307 661 448 726; x_wconf 84' lang='lat' dir='ltr'><strong>dirarum</strong></span> <span class='ocrx_word' id='word_1_37' title='bbox 478 659 590 724; x_wconf 86' lang='lat' dir='ltr'><strong>alitum</strong></span> <span class='ocrx_word' id='word_1_38' title='bbox 616 659 748 728; x_wconf 83' lang='lat' dir='ltr'><strong>uoluere</strong></span> <span class='ocrx_word' id='word_1_39' title='bbox 776 659 842 724; x_wconf 85' lang='lat' dir='ltr'><strong>tela</strong></span> <span class='ocrx_word' id='word_1_40' title='bbox 869 660 1024 743; x_wconf 72' lang='lat' dir='ltr'><strong>detraxit,</strong></span> <span class='ocrx_word' id='word_1_41' title='bbox 1059 662 1158 726; x_wconf 89' lang='lat' dir='ltr'><strong>etiam</strong></span> 
     </span>
     <span class='ocr_line' id='line_1_7' title="bbox 189 744 1158 828; baseline -0.002 -16"><span class='ocrx_word' id='word_1_42' title='bbox 189 750 326 812; x_wconf 83' lang='lat' dir='ltr'><strong>terreres</strong></span> <span class='ocrx_word' id='word_1_43' title='bbox 346 745 486 808; x_wconf 80' lang='lat' dir='ltr'><strong>inferum</strong></span> <span class='ocrx_word' id='word_1_44' title='bbox 505 744 643 808; x_wconf 81' lang='lat' dir='ltr'><strong>abducto</strong></span> <span class='ocrx_word' id='word_1_45' title='bbox 658 745 789 808; x_wconf 81' lang='lat' dir='ltr'><strong>custode</strong></span> <span class='ocrx_word' id='word_1_46' title='bbox 806 747 1017 828; x_wconf 85' lang='lat' dir='ltr'><strong>compescuit:</strong></span> <span class='ocrx_word' id='word_1_47' title='bbox 1040 746 1158 810; x_wconf 78' lang='lat' dir='ltr'>exinde</span> 
     </span>
     <span class='ocr_line' id='line_1_8' title="bbox 190 828 1159 912; baseline -0.001 -17"><span class='ocrx_word' id='word_1_48' title='bbox 190 833 276 895; x_wconf 88' lang='lat' dir='ltr'><strong>certe</strong></span> <span class='ocrx_word' id='word_1_49' title='bbox 290 829 498 894; x_wconf 87' lang='lat' dir='ltr'><strong>nihilominus</strong></span> <span class='ocrx_word' id='word_1_50' title='bbox 513 832 589 912; x_wconf 86' lang='lat' dir='ltr'><strong>post</strong></span> <span class='ocrx_word' id='word_1_51' title='bbox 598 828 808 912; x_wconf 83' lang='lat' dir='ltr'><strong>adoptionem</strong></span> <span class='ocrx_word' id='word_1_52' title='bbox 824 829 973 894; x_wconf 84' lang='lat' dir='ltr'><strong>eeclitum</strong></span> <span class='ocrx_word' id='word_1_53' title='bbox 987 829 1159 895; x_wconf 70' lang='lat' dir='ltr'><strong>quentae-</strong></span> 
     </span>
     <span class='ocr_line' id='line_1_9' title="bbox 189 913 1159 1000; baseline -0.001 -22"><span class='ocrx_word' id='word_1_54' title='bbox 189 937 257 1000; x_wconf 90' lang='lat' dir='ltr'><strong>que</strong></span> <span class='ocrx_word' id='word_1_55' title='bbox 277 913 447 980; x_wconf 75' lang='lat' dir='ltr'><strong>conubium</strong></span> <span class='ocrx_word' id='word_1_56' title='bbox 468 915 641 998; x_wconf 86' lang='lat' dir='ltr'><strong>perpetuus</strong></span> <span class='ocrx_word' id='word_1_57' title='bbox 664 916 713 977; x_wconf 87' lang='lat' dir='ltr'><strong>est</strong></span> <span class='ocrx_word' id='word_1_58' title='bbox 734 913 863 978; x_wconf 87' lang='lat' dir='ltr'><strong>uirtutis</strong></span> <span class='ocrx_word' id='word_1_59' title='bbox 891 917 1027 983; x_wconf 79' lang='lat' dir='ltr'><strong>assertor</strong></span> <span class='ocrx_word' id='word_1_60' title='bbox 1054 916 1159 978; x_wconf 87' lang='lat' dir='ltr'><strong>omni·</strong></span> 
     </span>
     <span class='ocr_line' id='line_1_10' title="bbox 190 997 1157 1082; baseline -0.002 -18"><span class='ocrx_word' id='word_1_61' title='bbox 190 1001 311 1082; x_wconf 88' lang='lat' dir='ltr'><strong>busque</strong></span> <span class='ocrx_word' id='word_1_62' title='bbox 335 998 467 1064; x_wconf 85' lang='lat' dir='ltr'><strong>fortium</strong></span> <span class='ocrx_word' id='word_1_63' title='bbox 493 998 636 1078; x_wconf 84' lang='lat' dir='ltr'><strong>uirorum</strong></span> <span class='ocrx_word' id='word_1_64' title='bbox 661 997 826 1062; x_wconf 85' lang='lat' dir='ltr'><strong>laboribus</strong></span> <span class='ocrx_word' id='word_1_65' title='bbox 846 998 935 1062; x_wconf 84' lang='lat' dir='ltr'><strong>fauet</strong></span> <span class='ocrx_word' id='word_1_66' title='bbox 962 1003 991 1063; x_wconf 78' lang='lat' dir='ltr'><strong>et</strong></span> <span class='ocrx_word' id='word_1_67' title='bbox 1011 999 1046 1062; x_wconf 91' lang='lat' dir='ltr'><strong>in</strong></span> <span class='ocrx_word' id='word_1_68' title='bbox 1067 1000 1157 1062; x_wconf 91' lang='lat' dir='ltr'><strong>omni</strong></span> 
     </span>
     <span class='ocr_line' id='line_1_11' title="bbox 151 1081 1160 1166; baseline 0.004 -22"><span class='ocrx_word' id='word_1_69' title='bbox 151 1107 177 1146; x_wconf 80' lang='grc' dir='ltr'><strong>ιο</strong></span> <span class='ocrx_word' id='word_1_70' title='bbox 190 1083 363 1152; x_wconf 87' lang='lat' dir='ltr'><strong>certamine</strong></span> <span class='ocrx_word' id='word_1_71' title='bbox 400 1089 534 1147; x_wconf 86' lang='lat' dir='ltr'><strong>cenatus</strong></span> <span class='ocrx_word' id='word_1_72' title='bbox 567 1081 699 1145; x_wconf 86' lang='lat' dir='ltr'><strong>adiuuat</strong></span> <span class='ocrx_word' id='word_1_73' title='bbox 729 1082 887 1148; x_wconf 85' lang='lat' dir='ltr'><strong>iustiores.</strong></span> <span class='ocrx_word' id='word_1_74' title='bbox 943 1081 994 1146; x_wconf 88' lang='lat' dir='ltr'><strong>his</strong></span> <span class='ocrx_word' id='word_1_75' title='bbox 1026 1083 1160 1166; x_wconf 86' lang='lat' dir='ltr'><strong>quidem</strong></span> 
     </span>
     <span class='ocr_line' id='line_1_12' title="bbox 191 1166 1158 1252; baseline -0.001 -19"><span class='ocrx_word' id='word_1_76' title='bbox 191 1171 277 1233; x_wconf 86' lang='lat' dir='ltr'><strong>certe</strong></span> <span class='ocrx_word' id='word_1_77' title='bbox 299 1167 420 1250; x_wconf 85' lang='lat' dir='ltr'><strong>diebus,</strong></span> <span class='ocrx_word' id='word_1_78' title='bbox 445 1166 559 1250; x_wconf 90' lang='lat' dir='ltr'><strong>quibus</strong></span> <span class='ocrx_word' id='word_1_79' title='bbox 580 1166 831 1232; x_wconf 73' lang='lat' dir='ltr'><strong>immortalitatis</strong></span> <span class='ocrx_word' id='word_1_80' title='bbox 854 1167 945 1251; x_wconf 84' lang='lat' dir='ltr'><strong>origo</strong></span> <span class='ocrx_word' id='word_1_81' title='bbox 966 1167 1158 1252; x_wconf 85' lang='lat' dir='ltr'><strong>celebretur,</strong></span> 
     </span>
     <span class='ocr_line' id='line_1_13' title="bbox 189 1250 1157 1337; baseline -0.001 -20"><span class='ocrx_word' id='word_1_82' title='bbox 189 1253 340 1337; x_wconf 85' lang='lat' dir='ltr'><strong>instiget,</strong></span> <span class='ocrx_word' id='word_1_83' title='bbox 365 1255 401 1316; x_wconf 87' lang='lat' dir='ltr'><strong>ut</strong></span> <span class='ocrx_word' id='word_1_84' title='bbox 422 1250 581 1335; x_wconf 88' lang='lat' dir='ltr'><strong>uidemus,</strong></span> <span class='ocrx_word' id='word_1_85' title='bbox 609 1251 682 1314; x_wconf 86' lang='lat' dir='ltr'><strong>illos</strong></span> <span class='ocrx_word' id='word_1_86' title='bbox 705 1251 804 1316; x_wconf 88' lang='lat' dir='ltr'><strong>sacris</strong></span> <span class='ocrx_word' id='word_1_87' title='bbox 826 1250 1052 1316; x_wconf 84' lang='lat' dir='ltr'><strong>certaminibus</strong></span> <span class='ocrx_word' id='word_1_88' title='bbox 1075 1254 1157 1316; x_wconf 89' lang='lat' dir='ltr'><strong>aeci-</strong></span> 
     </span>
     <span class='ocr_line' id='line_1_14' title="bbox 189 1335 1158 1434; baseline -0.002 -32"><span class='ocrx_word' id='word_1_89' title='bbox 189 1343 241 1402; x_wconf 83' lang='lat' dir='ltr'><strong>toe</strong></span> <span class='ocrx_word' id='word_1_90' title='bbox 267 1341 305 1402; x_wconf 86' lang='lat' dir='ltr'><strong>ut</strong></span> <span class='ocrx_word' id='word_1_91' title='bbox 325 1336 484 1434; x_wconf 77' lang='lat' dir='ltr'><strong>pertinaci</strong></span> <span class='ocrx_word' id='word_1_92' title='bbox 512 1337 716 1400; x_wconf 70' lang='lat' dir='ltr'><strong>animositate</strong></span> <span class='ocrx_word' id='word_1_93' title='bbox 740 1335 883 1400; x_wconf 84' lang='lat' dir='ltr'><strong>certandi</strong></span> <span class='ocrx_word' id='word_1_94' title='bbox 911 1335 1012 1400; x_wconf 83' lang='lat' dir='ltr'><strong>multe</strong></span> <span class='ocrx_word' id='word_1_95' title='bbox 1033 1336 1158 1402; x_wconf 85' lang='lat' dir='ltr'><strong>facient</strong></span> 
     </span>
     <span class='ocr_line' id='line_1_15' title="bbox 189 1419 1157 1508; baseline -0.001 -22"><span class='ocrx_word' id='word_1_96' title='bbox 189 1422 291 1508; x_wconf 89' lang='lat' dir='ltr'><strong>ipsius</strong></span> <span class='ocrx_word' id='word_1_97' title='bbox 312 1421 431 1486; x_wconf 74' lang='lat' dir='ltr'><strong>nmilia</strong></span> <span class='ocrx_word' id='word_1_98' title='bbox 444 1419 595 1486; x_wconf 87' lang='lat' dir='ltr'><strong>Uictoris.</strong></span> <span class='ocrx_word' id='word_1_99' title='bbox 624 1419 714 1502; x_wconf 89' lang='lat' dir='ltr'><strong>adeo,</strong></span> <span class='ocrx_word' id='word_1_100' title='bbox 737 1420 951 1484; x_wconf 85' lang='lat' dir='ltr'><strong>secretissime</strong></span> <span class='ocrx_word' id='word_1_101' title='bbox 972 1420 1157 1505; x_wconf 76' lang='lat' dir='ltr'><strong>imperetur,</strong></span> 
     </span>
     <span class='ocr_line' id='line_1_16' title="bbox 152 1505 1157 1590; baseline 0.004 -24"><span class='ocrx_word' id='word_1_102' title='bbox 152 1511 325 1590; x_wconf 73' lang='lat' dir='ltr'><strong>inutraque</strong></span> <span class='ocrx_word' id='word_1_103' title='bbox 351 1509 460 1570; x_wconf 85' lang='lat' dir='ltr'><strong>uestra</strong></span> <span class='ocrx_word' id='word_1_104' title='bbox 481 1505 615 1569; x_wconf 88' lang='lat' dir='ltr'><strong>numine</strong></span> <span class='ocrx_word' id='word_1_105' title='bbox 642 1526 767 1588; x_wconf 88' lang='lat' dir='ltr'><strong>semper</strong></span> <span class='ocrx_word' id='word_1_106' title='bbox 788 1505 908 1588; x_wconf 90' lang='lat' dir='ltr'><strong>aliquid</strong></span> <span class='ocrx_word' id='word_1_107' title='bbox 935 1508 1038 1590; x_wconf 70' lang='lat' dir='ltr'><strong>egum</strong></span> <span class='ocrx_word' id='word_1_108' title='bbox 1059 1527 1157 1590; x_wconf 80' lang='lat' dir='ltr'><strong>agen·</strong></span> 
     </span>
     <span class='ocr_line' id='line_1_17' title="bbox 191 1588 1157 1674; baseline -0.001 -20"><span class='ocrx_word' id='word_1_109' title='bbox 191 1591 305 1654; x_wconf 86' lang='lat' dir='ltr'><strong>dumne</strong></span> <span class='ocrx_word' id='word_1_110' title='bbox 334 1593 462 1672; x_wconf 83' lang='lat' dir='ltr'><strong>curant,</strong></span> <span class='ocrx_word' id='word_1_111' title='bbox 493 1593 531 1654; x_wconf 86' lang='lat' dir='ltr'><strong>ut</strong></span> <span class='ocrx_word' id='word_1_112' title='bbox 557 1589 622 1654; x_wconf 87' lang='lat' dir='ltr'><strong>iam</strong></span> <span class='ocrx_word' id='word_1_113' title='bbox 649 1589 744 1655; x_wconf 89' lang='lat' dir='ltr'><strong>nobis</strong></span> <span class='ocrx_word' id='word_1_114' title='bbox 771 1588 951 1673; x_wconf 88' lang='lat' dir='ltr'><strong>illaquam</strong></span> <span class='ocrx_word' id='word_1_115' title='bbox 977 1611 1036 1674; x_wconf 86' lang='lat' dir='ltr'><strong>pro</strong></span> <span class='ocrx_word' id='word_1_116' title='bbox 1063 1590 1157 1654; x_wconf 87' lang='lat' dir='ltr'><strong>uobis</strong></span> 
     </span>
     <span class='ocr_line' id='line_1_18' title="bbox 190 1671 1159 1760; baseline -0.002 -20"><span class='ocrx_word' id='word_1_117' title='bbox 190 1695 428 1760; x_wconf 77' lang='lat' dir='ltr'><strong>susceperamus</strong></span> <span class='ocrx_word' id='word_1_118' title='bbox 457 1695 533 1738; x_wconf 86' lang='lat' dir='ltr'><strong>cure</strong></span> <span class='ocrx_word' id='word_1_119' title='bbox 561 1671 711 1758; x_wconf 88' lang='lat' dir='ltr'><strong>ponende</strong></span> <span class='ocrx_word' id='word_1_120' title='bbox 737 1673 794 1756; x_wconf 88' lang='lat' dir='ltr'><strong>eit,</strong></span> <span class='ocrx_word' id='word_1_121' title='bbox 827 1694 899 1737; x_wconf 88' lang='lat' dir='ltr'><strong>eum</strong></span> <span class='ocrx_word' id='word_1_122' title='bbox 920 1695 988 1739; x_wconf 89' lang='lat' dir='ltr'><strong>non</strong></span> <span class='ocrx_word' id='word_1_123' title='bbox 1009 1673 1159 1738; x_wconf 88' lang='lat' dir='ltr'><strong>laborare</strong></span> 
     </span>
     <span class='ocr_line' id='line_1_19' title="bbox 189 1757 1157 1844; baseline -0.002 -20"><span class='ocrx_word' id='word_1_124' title='bbox 189 1781 263 1843; x_wconf 86' lang='lat' dir='ltr'><strong>uos,</strong></span> <span class='ocrx_word' id='word_1_125' title='bbox 300 1759 355 1824; x_wconf 87' lang='lat' dir='ltr'><strong>sed</strong></span> <span class='ocrx_word' id='word_1_126' title='bbox 384 1761 533 1844; x_wconf 84' lang='lat' dir='ltr'><strong>parentes</strong></span> <span class='ocrx_word' id='word_1_127' title='bbox 566 1758 642 1826; x_wconf 88' lang='lat' dir='ltr'><strong>deos</strong></span> <span class='ocrx_word' id='word_1_128' title='bbox 674 1757 838 1822; x_wconf 88' lang='lat' dir='ltr'><strong>uideamus</strong></span> <span class='ocrx_word' id='word_1_129' title='bbox 870 1757 991 1822; x_wconf 85' lang='lat' dir='ltr'><strong>imitari</strong></span> <span class='ocrx_word' id='word_1_130' title='bbox 1023 1779 1157 1842; x_wconf 89' lang='lat' dir='ltr'><strong>eumque</strong></span> 
     </span>
     <span class='ocr_line' id='line_1_20' title="bbox 190 1841 1190 1929; baseline -0.003 -20"><span class='ocrx_word' id='word_1_131' title='bbox 190 1847 355 1929; x_wconf 81' lang='lat' dir='ltr'><strong>praeterea</strong></span> <span class='ocrx_word' id='word_1_132' title='bbox 392 1843 575 1928; x_wconf 83' lang='lat' dir='ltr'><strong>ingenitum</strong></span> <span class='ocrx_word' id='word_1_133' title='bbox 613 1842 704 1908; x_wconf 88' lang='lat' dir='ltr'><strong>illum</strong></span> <span class='ocrx_word' id='word_1_134' title='bbox 746 1842 838 1906; x_wconf 85' lang='lat' dir='ltr'><strong>uobis</strong></span> <span class='ocrx_word' id='word_1_135' title='bbox 874 1841 1003 1908; x_wconf 87' lang='lat' dir='ltr'><strong>diuinae</strong></span> <span class='ocrx_word' id='word_1_136' title='bbox 1038 1843 1157 1906; x_wconf 88' lang='lat' dir='ltr'><strong>mentis</strong></span> <span class='ocrx_word' id='word_1_137' title='bbox 1186 1877 1190 1884; x_wconf 93' lang='lat'><strong>·</strong></span> 
     </span>
     <span class='ocr_line' id='line_1_21' title="bbox 152 1923 1159 2024; baseline 0.005 -35"><span class='ocrx_word' id='word_1_138' title='bbox 152 1949 177 1989; x_wconf 82' lang='lat' dir='ltr'><strong>ao</strong></span> <span class='ocrx_word' id='word_1_139' title='bbox 191 1928 337 1993; x_wconf 87' lang='lat' dir='ltr'><strong>ardorem</strong></span> <span class='ocrx_word' id='word_1_140' title='bbox 370 1927 465 1992; x_wconf 86' lang='lat' dir='ltr'><strong>etiam</strong></span> <span class='ocrx_word' id='word_1_141' title='bbox 480 1948 605 2023; x_wconf 81' lang='lat' dir='ltr'><strong>¹earum</strong></span> <span class='ocrx_word' id='word_1_142' title='bbox 630 1948 717 2024; x_wconf 36' lang='lat' dir='ltr'><strong>&#39;quae</strong></span> <span class='ocrx_word' id='word_1_143' title='bbox 743 1923 866 2010; x_wconf 85' lang='lat' dir='ltr'><strong>primae</strong></span> <span class='ocrx_word' id='word_1_144' title='bbox 899 1948 956 2024; x_wconf 81' lang='lat' dir='ltr'><strong>uos</strong></span> <span class='ocrx_word' id='word_1_145' title='bbox 989 1948 1159 2024; x_wconf 77' lang='lat' dir='ltr'><strong>suscepere</strong></span> 
     </span>
     <span class='ocr_line' id='line_1_22' title="bbox 189 2011 1158 2190; baseline 0 -30"><span class='ocrx_word' id='word_1_146' title='bbox 189 2011 1158 2190; x_wconf 52' lang='lat' dir='ltr'><strong>{tter”tirltttltpercuterettells?</strong></span> 
     </span>
     <span class='ocr_line' id='line_1_23' title="bbox 190 2177 1158 2264; baseline 0.001 -21"><span class='ocrx_word' id='word_1_147' title='bbox 190 2181 357 2262; x_wconf 83' lang='lat' dir='ltr'><strong>stitutique</strong></span> <span class='ocrx_word' id='word_1_148' title='bbox 384 2179 477 2260; x_wconf 87' lang='lat' dir='ltr'><strong>estis,</strong></span> <span class='ocrx_word' id='word_1_149' title='bbox 508 2177 563 2242; x_wconf 89' lang='lat' dir='ltr'><strong>sed</strong></span> <span class='ocrx_word' id='word_1_150' title='bbox 590 2200 625 2241; x_wconf 91' lang='lat' dir='ltr'><strong>m</strong></span> <span class='ocrx_word' id='word_1_151' title='bbox 651 2178 702 2242; x_wconf 91' lang='lat' dir='ltr'><strong>hie</strong></span> <span class='ocrx_word' id='word_1_152' title='bbox 730 2180 904 2262; x_wconf 87' lang='lat' dir='ltr'><strong>prouinciis</strong></span> <span class='ocrx_word' id='word_1_153' title='bbox 931 2201 1011 2264; x_wconf 84' lang='lat' dir='ltr'><strong>quae</strong></span> <span class='ocrx_word' id='word_1_154' title='bbox 1038 2181 1080 2244; x_wconf 83' lang='lat' dir='ltr'><strong>ad</strong></span> <span class='ocrx_word' id='word_1_155' title='bbox 1108 2181 1158 2244; x_wconf 88' lang='lat' dir='ltr'><strong>in-</strong></span> 
     </span>
     <span class='ocr_line' id='line_1_24' title="bbox 188 2261 1157 2348; baseline 0.001 -19"><span class='ocrx_word' id='word_1_156' title='bbox 188 2263 392 2348; x_wconf 84' lang='lat' dir='ltr'><strong>fatigabilem</strong></span> <span class='ocrx_word' id='word_1_157' title='bbox 420 2262 682 2327; x_wconf 86' lang='lat' dir='ltr'><strong>consuetudinem</strong></span> <span class='ocrx_word' id='word_1_158' title='bbox 710 2261 830 2328; x_wconf 87' lang='lat' dir='ltr'><strong>laboris</strong></span> <span class='ocrx_word' id='word_1_159' title='bbox 859 2267 954 2347; x_wconf 88' lang='lat' dir='ltr'><strong>atque</strong></span> <span class='ocrx_word' id='word_1_160' title='bbox 982 2265 1157 2347; x_wconf 81' lang='lat' dir='ltr'><strong>patientiae</strong></span> 
     </span>
     <span class='ocr_line' id='line_1_25' title="bbox 150 2347 1227 2432; baseline 0.003 -23"><span class='ocrx_word' id='word_1_161' title='bbox 150 2368 176 2410; x_wconf 81' lang='lat' dir='ltr'><strong>ae</strong></span> <span class='ocrx_word' id='word_1_162' title='bbox 188 2349 291 2414; x_wconf 82' lang='lat' dir='ltr'><strong>fracte</strong></span> <span class='ocrx_word' id='word_1_163' title='bbox 308 2347 385 2412; x_wconf 86' lang='lat' dir='ltr'><strong>licet</strong></span> <span class='ocrx_word' id='word_1_164' title='bbox 406 2348 575 2432; x_wconf 86' lang='lat' dir='ltr'><strong>oppositus</strong></span> <span class='ocrx_word' id='word_1_165' title='bbox 585 2347 680 2429; x_wconf 86' lang='lat' dir='ltr'><strong>hosti,</strong></span> <span class='ocrx_word' id='word_1_166' title='bbox 703 2347 759 2412; x_wconf 89' lang='lat' dir='ltr'><strong>sed</strong></span> <span class='ocrx_word' id='word_1_167' title='bbox 781 2348 877 2412; x_wconf 85' lang='lat' dir='ltr'><strong>armis</strong></span> <span class='ocrx_word' id='word_1_168' title='bbox 898 2354 1009 2414; x_wconf 87' lang='lat' dir='ltr'><strong>tamen</strong></span> <span class='ocrx_word' id='word_1_169' title='bbox 1030 2370 1156 2432; x_wconf 82' lang='lat' dir='ltr'><strong>semper</strong></span> <span class='ocrx_word' id='word_1_170' title='bbox 1221 2373 1227 2378; x_wconf 95' lang='lat'>·</span> 
     </span>
     <span class='ocr_line' id='line_1_26' title="bbox 188 2432 1156 2516; baseline -0.001 -18"><span class='ocrx_word' id='word_1_171' title='bbox 188 2435 364 2498; x_wconf 80' lang='lat' dir='ltr'><strong>instructus</strong></span> <span class='ocrx_word' id='word_1_172' title='bbox 392 2433 484 2496; x_wconf 87' lang='lat' dir='ltr'><strong>miles</strong></span> <span class='ocrx_word' id='word_1_173' title='bbox 512 2435 651 2515; x_wconf 83' lang='lat' dir='ltr'><strong>exercet,</strong></span> <span class='ocrx_word' id='word_1_174' title='bbox 680 2432 852 2516; x_wconf 86' lang='lat' dir='ltr'><strong>inquibus</strong></span> <span class='ocrx_word' id='word_1_175' title='bbox 880 2433 984 2498; x_wconf 88' lang='lat' dir='ltr'><strong>omnis</strong></span> <span class='ocrx_word' id='word_1_176' title='bbox 1006 2433 1075 2499; x_wconf 83' lang='lat' dir='ltr'><strong>uite</strong></span> <span class='ocrx_word' id='word_1_177' title='bbox 1098 2433 1156 2497; x_wconf 87' lang='lat' dir='ltr'><strong>mi·</strong></span> 
     </span>
     <span class='ocr_line' id='line_1_27' title="bbox 188 2516 1156 2602; baseline -0.002 -20"><span class='ocrx_word' id='word_1_178' title='bbox 188 2518 261 2583; x_wconf 83' lang='lat' dir='ltr'><strong>litio</strong></span> <span class='ocrx_word' id='word_1_179' title='bbox 282 2521 347 2600; x_wconf 85' lang='lat' dir='ltr'><strong>est,</strong></span> <span class='ocrx_word' id='word_1_180' title='bbox 373 2536 506 2600; x_wconf 89' lang='lat' dir='ltr'><strong>quarum</strong></span> <span class='ocrx_word' id='word_1_181' title='bbox 530 2517 625 2580; x_wconf 87' lang='lat' dir='ltr'><strong>etiam</strong></span> <span class='ocrx_word' id='word_1_182' title='bbox 647 2516 786 2581; x_wconf 85' lang='lat' dir='ltr'><strong>feminae</strong></span> <span class='ocrx_word' id='word_1_183' title='bbox 809 2521 985 2582; x_wconf 83' lang='lat' dir='ltr'><strong>ceterarum</strong></span> <span class='ocrx_word' id='word_1_184' title='bbox 1007 2517 1156 2602; x_wconf 84' lang='lat' dir='ltr'><strong>gentium</strong></span> 
     </span>
     <span class='ocr_line' id='line_1_28' title="bbox 189 2600 543 2668; baseline -0.011 -2"><span class='ocrx_word' id='word_1_185' title='bbox 189 2603 267 2668; x_wconf 85' lang='lat' dir='ltr'><strong>uiris</strong></span> <span class='ocrx_word' id='word_1_186' title='bbox 289 2600 437 2664; x_wconf 85' lang='lat' dir='ltr'><strong>fortiores</strong></span> <span class='ocrx_word' id='word_1_187' title='bbox 459 2605 543 2666; x_wconf 87' lang='lat' dir='ltr'><strong>eunt.</strong></span> 
     </span>
     <span class='ocr_line' id='line_1_29' title="bbox 253 2684 1157 2770; baseline -0.001 -19"><span class='ocrx_word' id='word_1_188' title='bbox 253 2685 310 2751; x_wconf 92' lang='lat' dir='ltr'><strong>IV.</strong></span> <span class='ocrx_word' id='word_1_189' title='bbox 358 2684 408 2748; x_wconf 81' lang='lat' dir='ltr'><strong>Ex</strong></span> <span class='ocrx_word' id='word_1_190' title='bbox 429 2685 500 2749; x_wconf 85' lang='lat' dir='ltr'><strong>istis</strong></span> <span class='ocrx_word' id='word_1_191' title='bbox 523 2705 599 2770; x_wconf 87' lang='lat' dir='ltr'><strong>ergo</strong></span> <span class='ocrx_word' id='word_1_192' title='bbox 627 2685 731 2750; x_wconf 87' lang='lat' dir='ltr'><strong>causis</strong></span> <span class='ocrx_word' id='word_1_193' title='bbox 753 2685 862 2768; x_wconf 85' lang='lat' dir='ltr'><strong>stirpis</strong></span> <span class='ocrx_word' id='word_1_194' title='bbox 889 2687 1014 2749; x_wconf 83' lang='lat' dir='ltr'><strong>uestrae</strong></span> <span class='ocrx_word' id='word_1_195' title='bbox 1036 2685 1157 2768; x_wconf 82' lang='lat' dir='ltr'><strong>patrio·</strong></span> 
     </span>
     <span class='ocr_line' id='line_1_30' title="bbox 151 2768 1155 2856; baseline 0.002 -26"><span class='ocrx_word' id='word_1_196' title='bbox 151 2790 176 2830; x_wconf 83' lang='lat' dir='ltr'><strong>so</strong></span> <span class='ocrx_word' id='word_1_197' title='bbox 189 2792 322 2856; x_wconf 85' lang='lat' dir='ltr'><strong>rumque</strong></span> <span class='ocrx_word' id='word_1_198' title='bbox 344 2769 564 2834; x_wconf 83' lang='lat' dir='ltr'><strong>institutorum</strong></span> <span class='ocrx_word' id='word_1_199' title='bbox 586 2768 642 2834; x_wconf 87' lang='lat' dir='ltr'><strong>illa</strong></span> <span class='ocrx_word' id='word_1_200' title='bbox 664 2770 819 2835; x_wconf 87' lang='lat' dir='ltr'><strong>eueniunt</strong></span> <span class='ocrx_word' id='word_1_201' title='bbox 839 2791 920 2852; x_wconf 89' lang='lat' dir='ltr'><strong>quae</strong></span> <span class='ocrx_word' id='word_1_202' title='bbox 942 2789 1037 2852; x_wconf 84' lang='lat' dir='ltr'><strong>saepe</strong></span> <span class='ocrx_word' id='word_1_203' title='bbox 1059 2769 1155 2834; x_wconf 85' lang='lat' dir='ltr'><strong>mira-</strong></span> 
     </span>
     <span class='ocr_line' id='line_1_31' title="bbox 189 2853 1157 2940; baseline -0.002 -20"><span class='ocrx_word' id='word_1_204' title='bbox 189 2878 273 2940; x_wconf 87' lang='lat' dir='ltr'><strong>mur,</strong></span> <span class='ocrx_word' id='word_1_205' title='bbox 303 2855 464 2920; x_wconf 83' lang='lat' dir='ltr'><strong>interdum</strong></span> <span class='ocrx_word' id='word_1_206' title='bbox 490 2854 587 2918; x_wconf 84' lang='lat' dir='ltr'><strong>etiam</strong></span> <span class='ocrx_word' id='word_1_207' title='bbox 614 2877 673 2938; x_wconf 88' lang='lat' dir='ltr'><strong>pro</strong></span> <span class='ocrx_word' id='word_1_208' title='bbox 695 2853 812 2918; x_wconf 89' lang='lat' dir='ltr'><strong>amoris</strong></span> <span class='ocrx_word' id='word_1_209' title='bbox 841 2854 1043 2937; x_wconf 81' lang='lat' dir='ltr'><strong>impatientia</strong></span> <span class='ocrx_word' id='word_1_210' title='bbox 1064 2853 1157 2918; x_wconf 86' lang='lat' dir='ltr'><strong>time-</strong></span> 
     </span>
    </p>
   </div>
   <div class='ocr_carea' id='block_1_3' title="bbox 178 3089 1158 3559">
    <p class='ocr_par' dir='ltr' id='par_1_3' title="bbox 178 3089 1158 3559">
     <span class='ocr_line' id='line_1_32' title="bbox 258 3089 1158 3158; baseline -0.001 -15"><span class='ocrx_word' id='word_1_211' title='bbox 258 3097 272 3143; x_wconf 89' lang='lat'>1</span> <span class='ocrx_word' id='word_1_212' title='bbox 290 3094 396 3158; x_wconf 85' lang='lat' dir='ltr'><strong>impetn</strong></span> <span class='ocrx_word' id='word_1_213' title='bbox 412 3106 448 3140; x_wconf 77' lang='lat' dir='ltr'><strong>w:</strong></span> <span class='ocrx_word' id='word_1_214' title='bbox 466 3093 600 3158; x_wconf 85' lang='lat' dir='ltr'><strong>impetum</strong></span> <span class='ocrx_word' id='word_1_215' title='bbox 617 3093 644 3140; x_wconf 78' lang='lat' dir='ltr'><strong>lt</strong></span> <span class='ocrx_word' id='word_1_216' title='bbox 664 3089 674 3156; x_wconf 76' lang='lat' dir='ltr'><strong>ll</strong></span> <span class='ocrx_word' id='word_1_217' title='bbox 698 3093 713 3140; x_wconf 81' lang='lat'>2</span> <span class='ocrx_word' id='word_1_218' title='bbox 732 3090 862 3142; x_wconf 85' lang='lat' dir='ltr'><strong>Herculis</strong></span> <span class='ocrx_word' id='word_1_219' title='bbox 880 3091 922 3141; x_wconf 85' lang='lat' dir='ltr'><strong>tui</strong></span> <span class='ocrx_word' id='word_1_220' title='bbox 940 3091 1028 3142; x_wconf 80' lang='lat' dir='ltr'><strong>uirtus</strong></span> <span class='ocrx_word' id='word_1_221' title='bbox 1045 3093 1158 3156; x_wconf 74' lang='lat' dir='ltr'><strong>scripsi:</strong></span> 
     </span>
     <span class='ocr_line' id='line_1_33' title="bbox 188 3155 1154 3224; baseline -0.006 -12"><span class='ocrx_word' id='word_1_222' title='bbox 188 3159 355 3212; x_wconf 85' lang='lat' dir='ltr'><strong>herculietus</strong></span> <span class='ocrx_word' id='word_1_223' title='bbox 372 3161 399 3208; x_wconf 73' lang='lat' dir='ltr'><strong>n</strong></span> <span class='ocrx_word' id='word_1_224' title='bbox 420 3159 549 3210; x_wconf 89' lang='lat' dir='ltr'><strong>hercules</strong></span> <span class='ocrx_word' id='word_1_225' title='bbox 571 3164 636 3209; x_wconf 76' lang='lat' dir='ltr'><strong>tuus</strong></span> <span class='ocrx_word' id='word_1_226' title='bbox 658 3163 738 3208; x_wconf 80' lang='lat' dir='ltr'><strong>autor</strong></span> <span class='ocrx_word' id='word_1_227' title='bbox 760 3158 807 3222; x_wconf 87' lang='lat' dir='ltr'><strong>qui</strong></span> <span class='ocrx_word' id='word_1_228' title='bbox 828 3174 888 3209; x_wconf 89' lang='lat' dir='ltr'><strong>cum</strong></span> <span class='ocrx_word' id='word_1_229' title='bbox 907 3159 1113 3210; x_wconf 65' lang='lat' dir='ltr'><strong>internorum</strong></span> <span class='ocrx_word' id='word_1_230' title='bbox 1142 3155 1154 3224; x_wconf 81' lang='grc' dir='ltr'>Η</span> 
     </span>
     <span class='ocr_line' id='line_1_34' title="bbox 189 3222 1156 3292; baseline -0.005 -13"><span class='ocrx_word' id='word_1_231' title='bbox 189 3225 344 3292; x_wconf 78' lang='lat' dir='ltr'><strong>enomere]</strong></span> <span class='ocrx_word' id='word_1_232' title='bbox 364 3241 482 3292; x_wconf 87' lang='lat' dir='ltr'><strong>aequora</strong></span> <span class='ocrx_word' id='word_1_233' title='bbox 499 3229 623 3278; x_wconf 73' lang='lat' dir='ltr'><strong>Ammon.</strong></span> <span class='ocrx_word' id='word_1_234' title='bbox 653 3225 663 3290; x_wconf 91' lang='lat' dir='ltr'><strong>l</strong></span> <span class='ocrx_word' id='word_1_235' title='bbox 693 3227 709 3276; x_wconf 82' lang='lat'><strong>5</strong></span> <span class='ocrx_word' id='word_1_236' title='bbox 728 3222 825 3292; x_wconf 86' lang='lat' dir='ltr'><strong>etiam]</strong></span> <span class='ocrx_word' id='word_1_237' title='bbox 845 3232 872 3277; x_wconf 79' lang='lat' dir='ltr'><strong>et</strong></span> <span class='ocrx_word' id='word_1_238' title='bbox 890 3239 915 3274; x_wconf 78' lang='lat' dir='ltr'>w</span> <span class='ocrx_word' id='word_1_239' title='bbox 939 3223 951 3291; x_wconf 76' lang='lat' dir='ltr'><strong>l}</strong></span> <span class='ocrx_word' id='word_1_240' title='bbox 973 3229 989 3276; x_wconf 78' lang='grc'>9</span> <span class='ocrx_word' id='word_1_241' title='bbox 1009 3231 1037 3277; x_wconf 82' lang='lat' dir='ltr'><strong>et</strong></span> <span class='ocrx_word' id='word_1_242' title='bbox 1055 3243 1103 3278; x_wconf 80' lang='lat' dir='ltr'><strong>om,</strong></span> <span class='ocrx_word' id='word_1_243' title='bbox 1120 3228 1156 3287; x_wconf 71' lang='grc' dir='ltr'><strong>Ι,</strong></span> 
     </span>
     <span class='ocr_line' id='line_1_35' title="bbox 190 3290 1153 3359; baseline 0 -13"><span class='ocrx_word' id='word_1_244' title='bbox 190 3297 251 3346; x_wconf 78' lang='lat' dir='ltr'><strong>add.</strong></span> <span class='ocrx_word' id='word_1_245' title='bbox 264 3295 348 3344; x_wconf 69' lang='lat' dir='ltr'><strong>Line.</strong></span> <span class='ocrx_word' id='word_1_246' title='bbox 366 3291 376 3358; x_wconf 74' lang='lat' dir='ltr'><strong>ll</strong></span> <span class='ocrx_word' id='word_1_247' title='bbox 396 3295 427 3343; x_wconf 72' lang='lat'><strong>12</strong></span> <span class='ocrx_word' id='word_1_248' title='bbox 445 3295 511 3344; x_wconf 88' lang='lat' dir='ltr'><strong>illos</strong></span> <span class='ocrx_word' id='word_1_249' title='bbox 529 3310 545 3343; x_wconf 87' lang='lat' dir='ltr'><strong>a</strong></span> <span class='ocrx_word' id='word_1_250' title='bbox 563 3293 652 3343; x_wconf 82' lang='lat' dir='ltr'><strong>saeris</strong></span> <span class='ocrx_word' id='word_1_251' title='bbox 669 3295 705 3352; x_wconf 70' lang='grc' dir='ltr'><strong>Β,</strong></span> <span class='ocrx_word' id='word_1_252' title='bbox 724 3309 791 3345; x_wconf 73' lang='lat' dir='ltr'><strong>corr.</strong></span> <span class='ocrx_word' id='word_1_253' title='bbox 808 3295 939 3344; x_wconf 76' lang='lat' dir='ltr'><strong>Acidaliae</strong></span> <span class='ocrx_word' id='word_1_254' title='bbox 960 3290 970 3359; x_wconf 83' lang='grc' dir='ltr'><strong>ΙΙ</strong></span> <span class='ocrx_word' id='word_1_255' title='bbox 993 3295 1026 3344; x_wconf 78' lang='lat'><strong>14</strong></span> <span class='ocrx_word' id='word_1_256' title='bbox 1042 3293 1079 3344; x_wconf 82' lang='lat' dir='ltr'><strong>ad</strong></span> <span class='ocrx_word' id='word_1_257' title='bbox 1097 3309 1153 3346; x_wconf 79' lang='lat' dir='ltr'><strong>eoa.</strong></span> 
     </span>
     <span class='ocr_line' id='line_1_36' title="bbox 190 3357 1157 3428; baseline -0.002 -16"><span class='ocrx_word' id='word_1_258' title='bbox 190 3369 220 3412; x_wconf 85' lang='lat' dir='ltr'><strong>at</strong></span> <span class='ocrx_word' id='word_1_259' title='bbox 238 3363 386 3426; x_wconf 83' lang='lat' dir='ltr'><strong>imperator</strong></span> <span class='ocrx_word' id='word_1_260' title='bbox 403 3363 468 3410; x_wconf 66' lang='grc' dir='ltr'><strong>ΑΨ</strong></span> <span class='ocrx_word' id='word_1_261' title='bbox 486 3376 542 3412; x_wconf 82' lang='lat' dir='ltr'><strong>sec.</strong></span> <span class='ocrx_word' id='word_1_262' title='bbox 560 3361 639 3410; x_wconf 74' lang='lat' dir='ltr'><strong>MV</strong></span> <span class='ocrx_word' id='word_1_263' title='bbox 651 3357 661 3425; x_wconf 76' lang='lat' dir='ltr'><strong>ll</strong></span> <span class='ocrx_word' id='word_1_264' title='bbox 675 3363 707 3410; x_wconf 79' lang='lat' dir='ltr'><strong>lt</strong></span> <span class='ocrx_word' id='word_1_265' title='bbox 725 3361 915 3428; x_wconf 75' lang='lat' dir='ltr'><strong>agendumque</strong></span> <span class='ocrx_word' id='word_1_266' title='bbox 929 3361 962 3410; x_wconf 80' lang='lat' dir='ltr'>W</span> <span class='ocrx_word' id='word_1_267' title='bbox 985 3363 1030 3412; x_wconf 67' lang='lat' dir='ltr'><strong>tt</strong></span> <span class='ocrx_word' id='word_1_268' title='bbox 1049 3361 1157 3411; x_wconf 80' lang='lat' dir='ltr'><strong>tractus</strong></span> 
     </span>
     <span class='ocr_line' id='line_1_37' title="bbox 190 3424 1156 3494; baseline 0.001 -17"><span class='ocrx_word' id='word_1_269' title='bbox 190 3443 215 3477; x_wconf 81' lang='lat' dir='ltr'><strong>vr</strong></span> <span class='ocrx_word' id='word_1_270' title='bbox 235 3425 240 3494; x_wconf 79' lang='grc' dir='ltr'>Ι</span> <span class='ocrx_word' id='word_1_271' title='bbox 260 3427 335 3480; x_wconf 83' lang='lat' dir='ltr'><strong>hosti</strong></span> <span class='ocrx_word' id='word_1_272' title='bbox 353 3443 379 3490; x_wconf 70' lang='grc' dir='ltr'><strong>ες</strong></span> <span class='ocrx_word' id='word_1_273' title='bbox 397 3431 504 3493; x_wconf 77' lang='lat' dir='ltr'><strong>scripsi:</strong></span> <span class='ocrx_word' id='word_1_274' title='bbox 525 3429 613 3478; x_wconf 87' lang='lat' dir='ltr'><strong>hostis</strong></span> <span class='ocrx_word' id='word_1_275' title='bbox 630 3429 658 3475; x_wconf 74' lang='lat' dir='ltr'>H</span> <span class='ocrx_word' id='word_1_276' title='bbox 675 3428 750 3478; x_wconf 87' lang='lat' dir='ltr'><strong>hosti</strong></span> <span class='ocrx_word' id='word_1_277' title='bbox 767 3429 825 3480; x_wconf 81' lang='lat' dir='ltr'><strong>edd.</strong></span> <span class='ocrx_word' id='word_1_278' title='bbox 850 3424 855 3493; x_wconf 83' lang='grc' dir='ltr'>Ι</span> <span class='ocrx_word' id='word_1_279' title='bbox 880 3434 973 3480; x_wconf 86' lang='lat' dir='ltr'><strong>tamen</strong></span> <span class='ocrx_word' id='word_1_280' title='bbox 1003 3433 1034 3478; x_wconf 85' lang='lat' dir='ltr'><strong>tu</strong></span> <span class='ocrx_word' id='word_1_281' title='bbox 1052 3430 1070 3478; x_wconf 79' lang='grc'><strong>0</strong></span> <span class='ocrx_word' id='word_1_282' title='bbox 1090 3425 1102 3492; x_wconf 83' lang='grc' dir='ltr'>Ι</span> <span class='ocrx_word' id='word_1_283' title='bbox 1123 3429 1156 3478; x_wconf 81' lang='grc'><strong>26</strong></span> 
     </span>
     <span class='ocr_line' id='line_1_38' title="bbox 178 3492 1104 3559; baseline 0 -13"><span class='ocrx_word' id='word_1_284' title='bbox 178 3497 268 3552; x_wconf 76' lang='lat' dir='ltr'><strong>,miles</strong></span> <span class='ocrx_word' id='word_1_285' title='bbox 286 3495 362 3546; x_wconf 66' lang='lat' dir='ltr'><strong>edm:</strong></span> <span class='ocrx_word' id='word_1_286' title='bbox 380 3495 460 3547; x_wconf 89' lang='lat' dir='ltr'><strong>limes</strong></span> <span class='ocrx_word' id='word_1_287' title='bbox 477 3496 504 3543; x_wconf 79' lang='lat' dir='ltr'><strong>lt</strong></span> <span class='ocrx_word' id='word_1_288' title='bbox 521 3495 596 3546; x_wconf 71' lang='lat' dir='ltr'><strong>Bere.</strong></span> <span class='ocrx_word' id='word_1_289' title='bbox 621 3492 631 3559; x_wconf 85' lang='grc' dir='ltr'><strong>ΙΙ</strong></span> <span class='ocrx_word' id='word_1_290' title='bbox 655 3497 688 3546; x_wconf 86' lang='grc'><strong>30</strong></span> <span class='ocrx_word' id='word_1_291' title='bbox 704 3495 755 3546; x_wconf 80' lang='lat' dir='ltr'><strong>ille</strong></span> <span class='ocrx_word' id='word_1_292' title='bbox 773 3511 851 3548; x_wconf 83' lang='lat' dir='ltr'><strong>suen.</strong></span> <span class='ocrx_word' id='word_1_293' title='bbox 868 3509 906 3545; x_wconf 82' lang='lat' dir='ltr'><strong>w:</strong></span> <span class='ocrx_word' id='word_1_294' title='bbox 925 3495 973 3546; x_wconf 92' lang='lat' dir='ltr'><strong>ille</strong></span> <span class='ocrx_word' id='word_1_295' title='bbox 991 3507 1055 3550; x_wconf 86' lang='lat' dir='ltr'><strong>uen.</strong></span> <span class='ocrx_word' id='word_1_296' title='bbox 1073 3497 1104 3546; x_wconf 67' lang='lat' dir='ltr'><strong>ff</strong></span> 
     </span>
    </p>
   </div>
   <div class='ocr_carea' id='block_1_4' title="bbox 0 0 1296 3989">
    <p class='ocr_par' dir='ltr' id='par_1_4' title="bbox 0 0 1296 3989">
     <span class='ocr_line' id='line_1_39' title="bbox 0 0 1296 3989; baseline 0 0"><span class='ocrx_word' id='word_1_297' title='bbox 0 0 1296 3989; x_wconf 95' lang='lat' dir='ltr'><strong> </strong></span> 
     </span>
    </p>
   </div>
  </div>
 </body>
</html>
