2582 3992
238 192 280 260 94
492 195 527 245 ΙΙ.
565 195 619 244 CL.
639 191 850 244 MAMERTINI
868 191 947 244 Pau.
1277 169 1281 280 j

239 348 334 442 atque
357 343 518 408 uictorias.
556 363 636 427 quae
659 342 745 406 enim
767 343 825 436 tot,
838 340 1001 425 tantisque
1023 339 1119 405 rebus
1143 343 1209 408 suf·
1274 289 1281 407 i

237 429 327 494 fie1at
353 426 483 492 oratio?
522 425 612 491 illum
639 429 749 490 tamen
776 445 915 509 primum
946 425 1206 492 consulatus'ftui
1277 430 1279 439 '

239 512 436 598 auspicatam
459 511 543 576 diem
565 511 682 576 tacitus
710 509 885 594 praeterire
907 509 996 575 nullo
1018 509 1115 575 modo
1137 533 1209 594 pos·
1280 529 1281 534 ’

238 619 317 677 sum,
342 600 463 682 quotu
486 597 571 660 solus
598 595 743 660 omnium
772 597 961 660 consecutus
989 615 1023 658 es
1051 598 1097 678 ut,
1121 596 1207 679 quod
1280 609 1281 650 i

212 686 303 750 atem
326 704 364 746 us
387 684 481 746 antea
509 680 701 765 incipiendis
727 679 950 744 tantummodo
977 679 1072 744 rebus
1096 684 1209 763 aptum
1280 705 1281 712 ¹

237 705 415 849 uideiiatur,
437 767 514 830 tunc
528 765 668 863 primum
688 764 832 850 potuerit
852 763 999 860 sufficere
1012 764 1209 848 peragendis

172 905 174 910 ’
237 849 437 1001 ulturi
454 850 813 1000 tuldtdtttt
831 849 1210 1018 ididltmimiaifill

237 1022 282 1085 im
306 1021 433 1085 lentem.
468 1019 607 1084 uidimus
634 1022 683 1103 te,
712 1018 845 1102 Caesar,
876 1017 989 1082 eodem
1009 1017 1060 1081 die
1110 1038 1148 1081 ro
1175 1040 1209 1082 re

200 1125 226 1164 ιο
238 1043 368 1190 puilica
380 1106 414 1169 et
423 1108 501 1169 uota
512 1104 672 1188 suscipere
685 1105 718 1168 et
729 1104 832 1168 soluta
847 1101 988 1167 reddere.
1020 1039 1109 1186 quod
1121 1103 1209 1168 enim

239 1192 409 1274 optaueras
437 1189 472 1254 in
499 1188 660 1272 futurum,
689 1187 794 1252 fecisti
824 1186 975 1252 continuo
997 1189 1210 1272 transactum,

238 1278 275 1339 ut
309 1271 388 1338 mihi
421 1273 492 1358 ipsa
512 1273 656 1338 deorum
689 1272 807 1338 auxilia
840 1293 922 1357 quae
954 1274 1104 1356 precatus
1137 1293 1210 1338 eras
1278 1349 1279 1354 γ

237 1358 444 1443 praeuenisse
474 1358 612 1424 uidearis
643 1361 691 1441 et,
726 1356 877 1442 quicquid
906 1356 954 1421 illi
980 1355 1209 1442 promiserant,

238 1445 313 1508 ante
335 1442 459 1509 fecisse.
495 1443 632 1508 uidimus
659 1445 708 1525 te,
742 1441 875 1526 Caesar,
904 1440 1015 1506 eodem
1043 1440 1094 1506 die
1117 1443 1151 1505 et
1173 1442 1210 1506 in

200 1547 225 1587 ra
241 1527 417 1593 clarissimo
445 1527 532 1611 pacis
559 1527 672 1592 habitu
705 1530 738 1591 et
769 1527 804 1591 in
834 1524 1049 1611 pulcherrimo
1076 1525 1210 1591 uirtutis

240 1616 367 1678 ornatu.
398 1613 482 1678 bona
503 1613 599 1678 uenia
620 1612 715 1677 deum
737 1611 881 1696 dixerim,
905 1633 947 1676 ne
968 1610 1114 1694 Iuppiter
1136 1611 1209 1694 qui·

238 1697 311 1762 dem
344 1699 412 1782 ipse
446 1700 539 1762 tanta
573 1696 734 1762 celeritate
767 1696 883 1761 faciem
916 1695 996 1760 caeli
1024 1695 1073 1762 sui
1102 1695 1210 1760 uariat

259 1803 334 1848 uam
348 1781 443 1849 facile
458 1785 502 1866 tu,
524 1783 568 1847 im
592 1785 707 1865 orator,
727 1784 838 1866 togam
859 1781 1058 1866 praetextam
1079 1782 1211 1863 sumpte

276 1888 370 1933 orace
392 1867 541 1950 mutasti,
568 1804 695 1931 iustam
716 1867 824 1950 posito
853 1865 996 1950 scipione
1018 1864 1166 1949 rapuisti,
1190 1886 1212 1929 a

200 1970 225 2010 u
237 1951 392 2017 tribunali
412 1952 511 2016 temet
533 1953 569 2016 in
584 1972 740 2035 campum,
765 1951 899 2016 aemuli
913 1951 948 2015 in
963 1967 1078 2033 equum
1099 1952 1209 2014 trans·
1279 1975 1280 2040 3

237 2037 341 2101 tulisti
363 2040 395 2100 et
413 2056 522 2100 rursus
540 2057 580 2100 ex
597 2036 761 2132 aciacum
780 2035 944 2133 triumpho
965 2033 1076 2100 redisti
1091 2036 1210 2132 totam·
1279 2045 1280 2050 ’

237 2119 408 2302 triti
427 2119 1025 2302 illiditlellllalliemahlids
1038 2122 1210 2300 fidilite-

237 2290 325 2354 tibus
348 2292 381 2354 et
408 2289 559 2354 sacrificis
588 2290 737 2354 odoribus
758 2288 901 2354 accensis
922 2289 1048 2353 numin1
1068 2291 1125 2352 tuo
1147 2288 1208 2352 im-

199 2391 224 2432 as
260 2373 342 2439 lesti.
378 2373 425 2438 ita
446 2376 581 2458 utroque
608 2373 694 2439 illius
722 2374 785 2438 diei
812 2393 961 2459 supremo
991 2377 1135 2456 tempore
1159 2372 1210 2436 bis

237 2396 348 2524 diuina
376 2479 427 2523 res
455 2460 527 2543 pari
553 2458 710 2546 religione
741 2457 901 2523 celebrata
929 2460 986 2542 est,
1018 2457 1098 2540 Ioui,
1130 2456 1209 2521 dum
1279 2459 1280 2482 ¹

236 2543 434 2626 profuturis
456 2546 601 2627 uouetur,
622 2543 693 2628 tibi,
721 2543 796 2608 dum
841 2564 877 2606 ro
898 2542 1035 2608 uictoria
1057 2542 1208 2607 soluitur.

246 2671 249 2678 ·
293 2626 366 2692 VII.
389 2625 465 2692 Tale
486 2628 586 2714 igitur
605 2628 782 2712 auspicium
803 2563 890 2692 idias
911 2627 988 2692 anni
1003 2626 1079 2711 quid
1096 2648 1210 2710 seque·

237 2712 331 2776 batur
358 2711 422 2776 nisi
454 2733 576 2778 nouum
609 2712 739 2798 aliquod
774 2713 807 2776 et
841 2712 958 2797 ingens
990 2710 1208 2776 miraculum?
1279 2729 1280 2754 ³

199 2813 225 2856 ec
240 2796 323 2882 quod
351 2799 457 2863 autem
484 2798 586 2862 maius
615 2797 743 2863 euenire
769 2796 876 2881 potuit
903 2795 960 2860 illa
988 2798 1045 2861 tua
1066 2796 1101 2860 in
1127 2794 1208 2860 Ger·

237 2881 378 2946 maniam
399 2882 675 2970 transgressione?
698 2885 817 2967 quatu
838 2881 962 2965 primus
982 2880 1128 2945 omnium
1149 2881 1209 2944 im-

236 2970 423 3050 peratorum
452 2967 597 3051 probasti
636 2966 775 3032 Romani
813 2965 940 3049 imperii
978 2965 1104 3029 nullum
1138 2986 1211 3029 esse

305 3122 320 3170 2
338 3123 419 3186 primi
435 3136 452 3188 ς
474 3117 486 3188 H
508 3124 524 3173 8
542 3137 625 3188 opera
643 3123 789 3173 Liuineius:
809 3135 857 3171 ora
868 3121 896 3169 lt
912 3118 922 3186 ΙΙ
941 3122 973 3171 10
986 3118 1077 3170 soluta
1089 3119 1211 3170 reddere

235 3189 343 3252 scripsi:
367 3191 515 3240 coniuncta
534 3189 633 3249 debere
650 3189 678 3237 lt
696 3189 826 3238 conuictu
845 3188 937 3239 delere
955 3187 1116 3238 Schwarzius
1140 3183 1151 3252 [Ι
1176 3190 1211 3237 12

236 3252 315 3319 mihi]
336 3257 366 3306 in
383 3257 415 3305 W
442 3253 452 3322 ΙΙ
482 3259 513 3308 18
526 3257 609 3307 nenia
628 3258 647 3305 0
664 3269 701 3305 v:
720 3258 831 3307 ueniam
848 3255 899 3322 ΙΙ
926 3261 956 3306 tu
973 3254 1098 3320 iuppiter
1116 3257 1212 3320 lopo

239 3319 252 3386 ll
271 3323 304 3373 23
322 3325 397 3375 auris
414 3324 437 3373 Δ
455 3324 487 3372 W
504 3323 593 3375 Baras
618 3337 682 3374 aras
698 3324 718 3373 B
736 3325 753 3371 0
770 3324 792 3372 V
811 3323 866 3374 aria
885 3337 901 3390 ς
933 3320 938 3388 l
968 3322 1155 3388 flagrantibus
1173 3320 1212 3384 n,

236 3393 343 3508 gprrgaei
365 3389 375 3457 ΙΙ
399 3391 643 3508 240sap1rificipslt,
660 3407 732 3508 oprvr,
747 3391 830 3508 Δᾱίιιὶη.
851 3389 948 3510 ltodor.
967 3390 1067 3508 acatll
1078 3389 1102 3438 V
1115 3388 1210 3508 Bega:

237 3473 353 3592 coifi
366 3475 481 3579 {escinei
488 3473 647 3575 vif'eia²1⁰t⁰'
657 3523 667 3591 ιι
696 3529 728 3578 30
744 3471 1212 3593 ἶιῖἔὶεθναοιῇῗῖἶρέιῖῗοῗιιω
1276 3539 1279 3648 ,
