2578 4000
290 189 543 243 CONSTANTINO
562 182 733 243 AUGUSTO
751 193 785 242 D.
803 193 913 244 ‘rt-29.
1020 188 1084 253 235

117 338 250 402 instruit
271 340 317 402 sic
339 339 427 421 ripae
442 339 563 402 locatos
585 343 621 402 ut
635 339 819 403 ultimorum
840 339 978 423 uestigia
994 361 1084 422 prae·

118 423 208 507 sagio
230 421 366 505 quodam
389 432 562 487 euenturae
583 423 682 487 cladis
704 423 791 487 unda
809 423 918 487 fatalis
940 423 1083 506 allueret,

117 509 164 572 ita
185 528 262 570 uero
285 506 490 570 multitudine
512 507 736 592 suppeditante
758 512 795 571 ut
815 507 899 570 ultra
920 528 1014 590 quam
1037 508 1083 570 ui-

7 593 9 630 l
118 613 171 656 sus
205 591 259 676 agi
286 594 394 674 posset
421 595 552 655 extenta
584 592 667 655 acies
696 593 885 676 pertineret3
922 612 989 656 non
1020 611 1082 674 quo

117 676 208 740 frons
230 674 381 740 inbecilla
402 679 507 739 tractu
533 677 675 741 inualido
697 677 880 758 duceretur,
913 676 969 739 sed
991 679 1109 742 tantas

7 817 11 843 ,
119 760 332 824 subsidiorum
365 763 459 843 atque
487 760 632 824 ordinum
661 761 903 824 confirmatione
935 764 972 824 ut
999 760 1083 824 acies

7 855 13 876 ⁸
117 865 184 908 non
198 844 372 926 porrectior
391 865 485 927 quam
499 845 660 908 robustior
675 865 800 908 murum
822 845 980 928 utrimque
995 866 1083 927 prae-

117 929 224 1009 beret,
258 927 343 1010 quod
371 949 440 992 eam
474 950 534 992 nee
562 929 756 1012 constipatio
786 931 995 992 contraxisset
1022 949 1083 992 nec

117 1012 172 1077 lon
200 1013 287 1075 ‘tudo
308 1015 465 1076 tenuaret.

213 1094 301 1160 XIX.
357 1096 612 1162 Praetermittam
648 1097 711 1162 hoo
743 1098 829 1179 locu,
868 1096 1121 1162 Constantinam

118 1182 271 1263 maxime,
299 1180 490 1264 disponendi
512 1183 623 1246 militis
644 1182 692 1246 tui
714 1182 828 1245 miram
850 1181 1083 1245 incredibilem·
1130 1218 1134 1224 ·

116 1286 178 1348 que
199 1266 367 1329 rationem.
394 1266 458 1330 hoc
480 1267 566 1330 euim
582 1265 729 1350 persequi
751 1268 807 1346 qai
827 1264 965 1328 uellem?
977 1271 1083 1348 'quem

115 1350 259 1418 tenuisse
274 1349 377 1414 locum
401 1349 545 1414 caelestis
565 1350 721 1414 exercitus
742 1347 868 1413 dicam?
893 1369 1083 1431 quamquam

116 1433 189 1497 illos
211 1454 276 1497 non
298 1434 435 1498 arbitror
463 1435 590 1498 stetisse
611 1434 673 1497 nisi
696 1436 813 1499 tecum.
858 1432 1083 1496 difficillimam

117 1517 203 1582 enim
232 1540 360 1603 pugnae
388 1521 511 1601 partem
536 1518 597 1582 tibi
624 1517 737 1601 deligis
765 1521 812 1602 et,
840 1521 1002 1602 tamquam
1023 1538 1082 1601 pro
1096 1539 1121 1581 15

116 1601 264 1666 fortunae
278 1602 379 1686 gradu
394 1602 506 1666 modus
526 1603 643 1666 uirium
659 1602 821 1684 debeatur,
843 1602 890 1665 ita
909 1603 994 1665 inter
1008 1607 1082 1665 tuos

116 1707 183 1750 uon
217 1687 267 1750 uis
299 1687 480 1771 principatu
512 1687 616 1770 magis
649 1686 802 1750 excellere
835 1707 928 1769 quam
963 1685 1081 1750 labore.

117 1771 404 1836 cumulatissimum
419 1771 547 1854 quidem
563 1770 719 1854 principis
733 1791 850 1833 munus
865 1773 924 1852 est,
943 1769 970 1833 si
985 1790 1083 1834 manu

2 1850 9 1946 j
118 1858 235 1937 cesset,
268 1875 331 1919 uon
361 1875 501 1920 cessasse
529 1855 678 1934 consilio,
714 1855 770 1918 sed
797 1857 833 1917 tu
860 1875 925 1918 non
952 1854 1083 1936 segnior

2 1961 3 1974 ¹
116 1959 228 2023 gerere
251 1961 343 2023 quam
365 1939 473 2004 iubere
498 1940 593 2003 simul
615 1939 772 2004 exercitus
793 1941 866 2002 tuos
889 1939 1013 2002 monitu
1034 1959 1081 2001 re·
1095 1961 1121 2001 ao

142 2024 183 2106 ‘s,
205 2044 300 2108 opere
322 2025 426 2103 iuuas,
450 2023 595 2088 incendis
617 2023 772 2106 exemplo.
805 2022 889 2106 quod
911 2021 963 2086 hie
986 2021 1082 2085 etiam

131 2107 197 2171 acis
225 2109 403 2192 promptius
430 2130 525 2193 quam
551 2108 585 2172 in
615 2108 728 2172 ceteris
756 2107 900 2191 proeliis,
935 2105 1020 2190 quod
1047 2106 1083 2171 in

115 2193 279 2274 praesenti
302 2195 370 2256 erat
394 2196 460 2256 tarn
483 2193 588 2290 ampla
632 2213 737 2276 uguae
764 2213 886 2256 merces
909 2213 1003 2274 quam
1026 2212 1082 2275 pu-

115 2279 234 2360 gnator
254 2274 387 2339 illustris
416 2280 448 2340 et
473 2281 582 2340 statim
604 2215 707 2340 doma
733 2276 875 2341 uictoris.
920 2274 1008 2340 cuius
1036 2274 1082 2338 rei

116 2380 190 2424 cum
212 2358 387 2443 imaginem
411 2361 490 2444 cepi,
514 2361 656 2424 dicturus
678 2359 835 2428 horresco.
872 2360 996 2424 inuadis
1019 2359 1082 2442 pri·
1095 2380 1121 2421 ss

115 2465 187 2507 mus
210 2443 320 2526 aciem,
344 2444 429 2508 solus
451 2445 609 2528 irrumpis.
639 2444 832 2509 obumbrant
854 2447 982 2509 euntem
1004 2443 1082 2508 telo·

115 2549 187 2591 rum
209 2528 297 2608 irriti
314 2528 433 2610 iactus,
461 2534 555 2594 sonat
575 2529 690 2594 ictibus
714 2530 810 2594 umbo
831 2530 959 2594 securis.
1004 2549 1082 2613 quos

115 2612 250 2676 trabalis
279 2612 373 2677 hasta
399 2619 456 2679 tuo
483 2615 613 2693 deiecit,
646 2615 807 2679 insultans
835 2635 908 2678 ecus
936 2614 1081 2697 proterit.

114 2695 221 2780 fulget
247 2698 364 2761 nobilis
385 2698 478 2783 galea
506 2703 537 2761 et
564 2719 695 2763 corusca
722 2699 792 2762 luce
814 2719 1012 2782 gemmarum
1037 2697 1082 2758 di·

115 2780 228 2843 uinum
250 2781 403 2845 uerticem
425 2784 593 2844 monstrat.
632 2801 708 2844 auro
731 2781 867 2863 clipeum
894 2801 971 2843 auro
993 2801 1082 2842 arma
1095 2801 1120 2841 cc

186 3052 350 3102 rinsuuxit
367 3049 450 3116 eddi
475 3052 598 3116 ⁴lpossit
615 3053 638 3100 Δ
658 3048 668 3116 ss
690 3047 1042 3115 lmirumllutrumque
1060 3052 1083 3099 Δ

117 3117 130 3186 ll
152 3121 183 3170 la
202 3121 248 3184 qui
266 3135 326 3183 epo:
345 3136 391 3170 om.
407 3121 434 3168 Ι
484 3122 515 3169 13
532 3121 654 3169 tenuisse
671 3128 764 3168 centor
779 3120 898 3170 editionis
909 3119 1082 3184 Jnepen'onue

114 3193 142 3239 in
159 3187 217 3239 cite.
234 3189 338 3252 philol:
356 3188 492 3237 tenuisset
507 3188 534 3235 1
563 3185 573 3252 ΙΙ
604 3188 635 3237 16
653 3183 761 3251 uirium]
780 3187 915 3236 uirtutum
933 3188 991 3236 edd.
1015 3183 1025 3252 11
1051 3188 1082 3236 18

114 3251 258 3322 cumulat]
278 3269 340 3306 cum
356 3254 576 3305 ualentissimum
594 3257 627 3304 W
656 3253 666 3320 ss
697 3256 729 3304 19
746 3269 801 3330 nou
819 3271 865 3305 om,
885 3255 908 3302 Δ
936 3251 946 3320 ΙΙ
975 3256 1008 3304 20
1026 3269 1081 3304 mo·

769 3330 789 3359 ΙΙ

114 3375 175 3423 nito
193 3372 235 3434 113
253 3389 287 3423 aa
304 3373 440 3423 monitor?
464 3371 474 3438 l
498 3375 530 3424 2¹1
548 3374 654 3424 securis
674 3370 808 3437 (securus)
828 3389 888 3439 epa.-
906 3387 1020 3422 securus
1037 3371 1083 3420 his

114 3442 146 3489 Ι
161 3455 284 3490 securus.
307 3441 358 3491 hos
375 3443 434 3493 edd.
465 3439 475 3507 ΙΙ
505 3443 538 3492 ‘28
555 3447 604 3492 tua
621 3443 725 3491 addidi:
743 3442 858 3508 om.1}
877 3455 941 3492 ecus
959 3456 1021 3506 epo:
1039 3455 1082 3489 se·

114 3522 163 3560 cus
180 3507 207 3556 1
225 3509 301 3560 ferus
318 3511 376 3560 edd.
