2586 3996
322 225 532 278 THEODOSIO
552 224 721 278 aususro
740 227 775 278 n.
797 203 907 278 ‘rs-25.
1033 226 1095 290 293

130 376 230 440 minui
246 398 339 460 quarn
354 377 495 440 tristium
518 377 756 441 enumeratione
772 376 943 441 cumulari:
966 397 1094 441 necesse

129 483 179 525 me
202 462 262 525 erit
284 462 335 525 uel
351 464 511 526 tacentem
525 461 654 545 publica
675 462 875 526 incommoda
897 462 949 525 uel
966 461 1095 545 loquen-

127 549 195 610 tem
218 549 272 609 aut
293 547 456 630 ingratum
479 546 590 610 uirtuti
614 547 668 609 aut
689 567 858 610 onerosum
880 567 948 611 esse
970 547 1093 629 pietati.

129 631 184 694 sed
199 633 316 714 tamen,
339 631 521 713 imperator,
544 630 692 714 exiguam
715 631 859 695 sensibus
876 632 939 694 tuis
961 631 1095 714 iniungo

128 715 327 798 patientiam.
371 736 448 777 nam
471 715 497 778 si
520 714 621 778 duleis
649 715 684 779 in
706 715 799 779 bonis
827 715 1025 779 miseriarum
1047 733 1120 778 rea

129 799 271 863 cordatio
284 801 341 882 est,
357 799 384 862 si
395 800 509 862 nautas
521 801 758 883 tempestatum,
774 800 801 863 si
817 799 990 864 medicatos
1005 800 1096 864 iuuat

128 883 311 947 meminisse
334 883 530 949 morborum:
563 905 618 948 cur
640 905 706 948 non
728 886 763 947 tu
786 906 911 968 quoque
933 883 1018 948 mala
1038 905 1096 947 no·

129 972 196 1032 stra
210 967 318 1030 audias
341 970 376 1031 ut
391 972 447 1031 tua
462 968 617 1033 beneficia
639 969 874 1053 recognoscas?
898 969 982 1033 unde
997 968 1097 1052 igitur

129 1051 236 1115 ordiar
263 1053 326 1116 nisi
354 1053 393 1116 de
420 1053 501 1136 tuis,
535 1075 606 1116 mea
635 1053 755 1135 Gallia,
788 1053 904 1117 malis?
948 1074 1028 1137 quoe
1057 1074 1096 1116 ex

128 1135 275 1199 Omnibus
297 1137 405 1216 terris,
434 1159 513 1221 quas
535 1137 591 1201 illa
614 1138 714 1220 pestis
736 1137 914 1221 insederat,
947 1138 1026 1201 haut
1048 1139 1095 1200 in·
1109 1157 1134 1196 10

127 1221 210 1284 iuria
221 1220 281 1284 tibi
296 1221 439 1285 uindices
451 1222 657 1305 priuilegium
672 1222 872 1286 miseriarum
887 1243 953 1284 non
967 1221 1095 1284 auribus

127 1304 237 1386 modo,
266 1325 401 1388 quarum
428 1327 539 1370 sensus
568 1309 617 1368 est
638 1305 754 1387 leuior,
785 1305 841 1368 sed
864 1326 970 1368 coram
996 1305 1096 1368 oculis

127 1388 212 1451 ferre
229 1389 393 1470 compulsa
408 1389 574 1453 uictoriam
590 1388 732 1471 Maximi,
755 1389 921 1452 interitum
938 1389 1095 1453 Gratiani.

129 1471 195 1535 alta
228 1472 304 1535 licet
336 1473 482 1554 uulnera,
519 1473 602 1556 quod
629 1472 797 1537 fatendum
830 1476 896 1555 est,
934 1473 1096 1556 proximus

128 1555 222 1620 nobis
238 1555 338 1630 Italus
362 1559 394 1620 et
416 1557 587 1641 contiguus
610 1556 759 1621 ostendat
780 1556 960 1641 Hispanus:
984 1557 1039 1621 sed
1061 1557 1096 1620 in
1109 1575 1134 1616 15

129 1640 236 1704 dolore
259 1661 382 1704 summo
405 1639 502 1704 habet
523 1662 615 1704 suum
637 1644 769 1725 uterque
792 1641 949 1705 solatium.
989 1645 1097 1725 tyran·

128 1724 236 1788 nidem
259 1725 313 1788 ille
337 1745 403 1788 non
425 1725 521 1808 uidit,
556 1725 608 1789 hie
630 1725 880 1808 tyrannicidium
901 1726 991 1790 uidit.
1036 1748 1096 1790 nos

128 1808 223 1892 primi
249 1809 403 1892 impetum
425 1809 537 1874 beluae
559 1809 694 1873 furentis
723 1811 919 1894 excepimus,
948 1831 1006 1874 nos
1030 1831 1096 1874 sae-

128 1892 242 1956 uitiam
271 1895 337 1956 cius
359 1894 579 1958 innocentium
607 1895 778 1979 sanguine,
806 1915 864 1958 nos
887 1894 1096 1978 cupiditatem

128 1976 258 2059 publica
275 1980 464 2124 paupertate
486 1979 684 2044 satiauimus
713 1984 790 2127 aput
808 2001 866 2043 nos
890 1982 990 2043 semet
1010 2001 1095 2043 exer·
1110 1998 1135 2036 20

129 2061 195 2125 cuit
219 2083 273 2125 eru
296 2061 389 2125 elitas
414 2063 480 2126 iam
502 2085 614 2127 secura
642 2064 735 2127 etad
759 2085 799 2128 uc
826 2065 880 2128 ino
905 2085 919 2127 s
949 2065 1095 2128 auaritia.

129 2144 206 2208 alibi
234 2147 353 2210 malum
381 2147 544 2230 publicum
577 2151 633 2212 aut
662 2149 767 2233 coepit
792 2151 849 2212 aut
877 2087 1018 2213 destitit:
1062 2149 1096 2212 in

130 2227 237 2292 Gallia
259 2231 350 2294 sedit.

192 2311 298 2378 XXV.
343 2313 422 2388 Quis
444 2335 478 2377 se
500 2317 592 2378 nobis
616 2316 797 2380 calamitate
819 2317 1014 2381 contulerit?
1048 2321 1095 2400 ty-

129 2417 267 2460 rannum
296 2399 328 2460 et
350 2419 422 2462 cum
444 2399 516 2462 aliis
538 2399 669 2462 tulimus
699 2403 730 2463 et
753 2401 823 2464 soli.
869 2400 945 2484 quid
967 2422 1026 2484 ego
1048 2423 1095 2464 re·
1109 2417 1135 2458 25

128 2480 231 2544 feram
254 2484 405 2545 uacuatas
430 2483 643 2566 municipibus
666 2485 731 2548 suis
755 2484 917 2566 ciuitates,
948 2484 1096 2569 impletas

129 2564 276 2650 fugitiuis
306 2566 467 2631 nobilibus
497 2567 708 2634 solitudines?
753 2570 829 2652 quid
857 2569 1096 2652 perfunctorum

129 2648 304 2714 honoribus
337 2653 468 2716 summis
500 2653 641 2716 uirorum
669 2653 753 2717 bona
779 2653 957 2736 publicata,
991 2655 1097 2737 capita

129 2733 299 2817 diminuta,
322 2735 423 2799 uitam
446 2758 519 2800 aere
540 2737 704 2800 taxatam?
733 2737 872 2800 uidimus
894 2738 1039 2800 redactas
1062 2739 1097 2800 in

129 2838 297 2881 numerum
319 2818 495 2901 dignitates
523 2822 555 2882 et
578 2822 689 2884 exutos
712 2820 831 2884 trabeis
859 2821 1041 2885 consulares
1065 2825 1097 2885 et
1110 2839 1136 2880 co

129 2922 221 2965 senes
248 2901 450 2965 fortunarum
477 2904 663 2986 superstites
691 2907 724 2968 et
750 2904 909 2968 infantum
937 2906 997 2968 sub
1025 2906 1095 2989 ipso

129 2989 251 3049 sectore
273 2984 451 3050 ludentium
474 2986 611 3050 flendam
633 2989 847 3071 securitatem,
873 3011 944 3053 cum
966 2989 1095 3054 interim

128 3069 236 3134 miseri
259 3070 448 3135 uetabamur
470 3093 565 3156 agere
588 3072 735 3154 miseros,
765 3074 862 3138 immo
885 3073 982 3138 etiam
1006 3095 1096 3159 coge-

196 3343 272 3391 2me
291 3342 345 3392 erit
361 3343 385 3390 A
403 3342 493 3392 Bert:
520 3345 571 3394 erit
590 3359 632 3395 me
649 3346 670 3394 B
688 3347 706 3393 0
724 3345 752 3407 V,
780 3360 825 3395 om.
846 3346 878 3394 W
906 3343 916 3410 ΙΙ
946 3349 961 3396 3
984 3344 1093 3414 uirtuti]

126 3408 277 3474 ueritatis
303 3407 312 3474 ll
342 3410 424 3459 ised
442 3412 539 3460 tumA
562 3409 572 3476 ΙΙ
602 3411 787 3464 Omedicatos
804 3416 911 3477 scripsi:
929 3413 1050 3465 medicos
1068 3417 1096 3462 Η

125 3473 134 3540 ll
161 3472 293 3542 8igitur]
314 3493 379 3542 ergo
397 3480 430 3526 W
453 3476 463 3542 ΙΙ
494 3479 526 3527 16
544 3475 659 3546 summo]
680 3482 763 3530 suot
787 3479 797 3546 ΙΙ
821 3483 854 3532 25
873 3481 937 3548 quid
954 3480 1060 3546 ergoA
1086 3479 1095 3547 ll

125 3545 159 3594 29
177 3559 238 3594 acre
258 3547 275 3592 0
299 3541 309 3610 l
333 3547 364 3596 31
383 3545 533 3597 infantium
550 3548 570 3596 B
588 3548 609 3595 V
633 3546 643 3612 ΙΙ
667 3549 699 3600 33
719 3545 814 3614 agere]
835 3552 960 3615 plangere
977 3563 1002 3597 w
