2578 4000
195 146 257 212 182
395 149 469 200 VIII.
498 147 647 200 monum
666 148 835 200 unumne.
853 148 963 200 ACTIO

193 298 261 363 losa
294 297 329 363 in
358 296 467 364 Sicilia
494 296 694 382 Mamertini,
732 299 767 362 in
796 297 876 363 Asia
908 297 1059 364 Ilienses:
1105 300 1164 366 soli

194 382 299 448 Aedui
324 403 391 447 non
418 384 507 446 metu
534 383 656 467 territi,
690 404 757 448 non
785 382 967 449 adulatione
996 383 1163 468 compulsi,

194 467 249 532 sed
270 467 415 551 ingenua
441 470 474 531 et
502 467 641 551 simplici
669 468 801 532 caritate
826 468 942 533 fratres
967 468 1082 551 populi
1103 468 1164 534 Ro-

192 551 283 621 mani
298 551 411 617 crediti
426 555 501 616 sunt
512 551 729 636 appellarique
744 555 939 618 meruerunt.
955 574 1019 636 quo
1033 555 1165 618 nomine

168 639 321 720 epraeter
344 639 450 701 cetera
472 636 744 702 necessitudinum
762 637 920 717 uocabula
941 640 975 701 et
988 639 1165 703 communi·

192 725 244 788 tas
267 722 383 786 amoris
406 723 541 806 apparet
568 724 601 786 et
622 721 791 806 dignitatis
817 721 1004 805 aequalilas.
1051 723 1165 789 deiude

192 827 265 872 eum
293 806 449 874 finitimae
477 807 626 872 nationes
655 807 720 889 ipsi
746 806 794 871 illi
821 805 986 870 Romanae
1012 807 1165 873 fraterni-

193 891 269 954 tatis
297 891 420 974 gloriae
446 891 629 955 inuidentes
658 895 691 955 et
718 913 818 975 usque
847 892 882 954 in
909 891 1087 973 perniciem
1117 893 1165 956 sui

193 973 274 1038 odiis
295 975 449 1039 incitatae
465 974 642 1039 Germanos
664 976 726 1042 sibi
748 975 1096 1042 auxiliarios‘dominos
1118 977 1165 1041 in·

156 1085 180 1124 10
193 1062 377 1138 uocassent,
406 1059 556 1142 princeps
577 1060 708 1124 Aeduus
730 1060 772 1124 ad
794 1061 941 1126 senatum
963 1061 1070 1144 uenit,
1098 1083 1165 1126 rem

194 1142 317 1228 docuit,
356 1164 490 1228 cumque
522 1144 607 1210 idem
640 1145 746 1209 oblato
775 1163 927 1212 consessu
960 1145 1069 1210 11111111
1104 1145 1165 1210 sibi

192 1227 387 1296 uindicasset
415 1251 510 1313 quam
534 1229 682 1310 dabatur,
714 1233 804 1295 scuto
832 1230 962 1295 innixus
990 1231 1162 1313 perorauit.

192 1313 1163 1484 1111111111111111111

155 1511 180 1552 15
193 1506 254 1568 que
282 1485 323 1548 ad
349 1484 382 1548 id
411 1485 563 1569 temporis
592 1485 807 1568 Transalpina
835 1484 942 1550 Gallia
975 1485 1163 1550 nominaba-

192 1568 275 1654 turp
298 1569 413 1634 deinde
427 1569 533 1634 Aedui
550 1572 654 1634 totum
676 1569 761 1634 istud
784 1569 869 1654 quod
884 1568 1009 1652 Rheno,
1032 1591 1163 1653 oceano,

192 1653 364 1738 Pyrenaeis
392 1655 571 1736 montibus,
601 1653 716 1720 Gottiis
737 1654 875 1738 Alpibus
898 1654 1082 1719 continetur
1104 1653 1164 1719 Ro-

192 1760 289 1803 mano
311 1739 445 1823 imperio
460 1739 669 1822 tradiderunt,
692 1738 835 1804 hibernis
853 1737 1057 1823 hospitaliter
1075 1759 1163 1822 prae-

192 1823 279 1906 bitis,
302 1825 513 1908 suppsd'tatis
534 1824 669 1908 largiter
692 1823 931 1906 commeatibus,
954 1822 1052 1887 armis
1066 1823 1162 1888 fabri·

154 1931 180 1970 ao
194 1909 305 1973 caudis
311 1958 319 1991 ,
350 1909 551 1992 pedestribus
577 1915 606 1972 et
628 1909 770 1992 equitum
799 1908 899 1991 copiis
922 1907 1160 1974 auxiliantibus.

192 1993 239 2057 ita
261 1994 296 2057 in
318 2015 416 2058 unam
438 2014 550 2076 pacem
578 1993 708 2056 sociatis
735 1993 882 2058 omnibus
906 1991 1070 2058 Celtarum
1093 1992 1161 2058 Bel-

193 2097 369 2224 qarmque
383 2077 510 2159 populis
528 2077 673 2160 eripuere
686 2077 841 2160 barbaris,
865 2077 1016 2160 quicquid
1031 2079 1162 2142 iunxere

225 2182 361 2224 omanis.

256 2243 312 2310 IV.
357 2243 452 2310 Dicet
473 2242 588 2328 aliquis
611 2247 736 2310 ‘uetera
758 2246 821 2311 ista
844 2248 952 2330 sunt’3
980 2246 1163 2330 etquidem

152 2351 180 2392 ss
193 2328 256 2394 hoc
278 2330 439 2394 sanctiora
461 2330 545 2414 quod
566 2334 684 2396 uetera.
718 2331 812 2396 bonis
836 2331 923 2396 enim
945 2331 1070 2394 meritis
1092 2353 1163 2396 cum

194 2417 300 2479 aetate
322 2414 463 2500 dignitas
486 2418 518 2479 et
540 2415 667 2499 pondus
690 2414 821 2480 accedit.
868 2418 962 2500 atque
985 2417 1021 2478 ut
1042 2437 1163 2500 magno

193 2501 273 2564 natu
291 2503 441 2582 parentes
462 2501 567 2583 magis
589 2501 754 2586 magisque
775 2500 893 2565 indies
916 2521 1110 2565 ueneremur
1132 2503 1164 2564 et

194 2583 343 2666 colimus,
366 2583 502 2648 1111111111
523 2606 598 2649 uero
621 2585 797 2670 aequalitas
820 2587 852 2649 et
873 2584 1048 2649 liberorum
1071 2585 1163 2650 sobo-

192 2666 249 2751 les,
272 2667 439 2733 blendiore
461 2669 544 2748 licet,
574 2669 693 2734 leuiore
712 2673 830 2734 tamen·
843 2671 967 2734 animos
987 2669 1097 2753 tangit
1119 2669 1164 2733 af-

150 2775 180 2816 so
193 2752 298 2818 fectu:
330 2753 377 2820 ita
399 2755 553 2819 beneficia
574 2755 706 2839 antiqua
729 2754 879 2840 grauiora
901 2757 992 2837 sunt,
1015 2754 1164 2837 quamuis

193 2839 375 2922 praesentia
397 2840 544 2904 suauiore
565 2839 743 2904 uideantur.
774 2840 829 2904 sed
850 2842 958 2903 tamen
981 2838 1008 2902 si
1030 2838 1088 2902 illa
1110 2861 1164 2902 ue·

263 3078 655 3132 tlliensesc:lllienses1
678 3077 688 3144 ΙΙ
718 3078 922 3128 71111111111111
940 3081 999 3130 edd.
1030 3076 1040 3142 ΙΙ
1070 3077 1165 3143 8glo·

193 3145 248 3195 riae
266 3149 375 3210 scripsi:
393 3161 448 3198 non
466 3147 571 3212 gloriae
589 3148 617 3195 u
633 3143 643 3211 ΙΙ
666 3149 695 3196 11
715 3161 829 3211 cumque
848 3146 919 3198 idem
937 3147 1084 3199 Liuineius:
1103 3161 1166 3196 cnm

193 3212 303 3276 quidem
318 3215 346 3263 11
377 3212 381 3278 Ι
415 3229 547 3265 consessu
564 3215 587 3263 Δ
603 3213 695 3264 Bere:
717 3229 851 3264 consensu
868 3215 888 3262 B
907 3215 925 3262 (1
944 3216 966 3263 V
983 3214 1015 3261 W
1032 3214 1129 3264 Malae.
1159 3209 1163 3278 Ι

191 3281 377 3331 1111111111
407 3279 417 3347 ΙΙ
449 3286 480 3333 15
506 3281 533 3330 id
557 3299 603 3332 cm.
625 3281 645 3328 V
668 3281 760 3332 Mutat.
790 3279 800 3346 ΙΙ
832 3283 862 3332 16
889 3280 955 3332 dein
975 3283 1083 3344 scripsi:
1114 3281 1166 3332 sed

194 3347 267 3398 enim
286 3349 314 3396 n
337 3349 385 3398 sed
407 3354 465 3400 tum
483 3351 614 3400 Liuineius
643 3347 653 3414 ΙΙ
684 3351 715 3400 17
740 3348 842 3400 cocciis
864 3351 975 3412 scripsi:
1005 3349 1114 3398 cunctis
1136 3349 1166 3395 1

193 3411 265 3532 liqw
283 3420 310 3464 et
327 3417 388 3466 add.
406 3417 550 3468 Puteanus:
567 3433 614 3468 om.
632 3418 660 3465 1
679 3418 854 3483 equitumque
873 3418 932 3469 edd.
958 3415 969 3482 ll
998 3417 1030 3466 22
1048 3416 1165 3482 iungere

225 3487 287 3533 alal.
