2586 3996
226 217 289 280 252
569 218 617 267 xi.
649 215 856 267 MAMERTINI

226 366 329 450 perlui
350 357 503 430 inundari
523 365 664 448 madere,
691 364 760 428 fora
783 363 1005 428 deambulacra
1027 364 1200 448 gymnasia

227 452 320 515 laetis
344 453 376 515 et
397 450 611 535 gaudentibus
626 449 755 534 populis
776 449 984 532 frequentari,
1009 448 1076 512 dies
1095 448 1198 513 festos

228 539 260 598 et
282 535 436 599 celebrari
465 538 589 598 ueteres
617 539 651 598 et
675 555 777 598 nouos
805 533 841 596 in
862 532 1018 596 honorem
1041 532 1201 617 principis

229 621 415 684 consecrari.

201 723 215 763 s
292 703 333 767 X.
384 703 418 768 si
454 703 524 786 quis
561 702 746 766 mortalium
783 703 818 765 in
852 701 990 784 aliquam
1027 701 1197 765 caelestem

228 788 390 873 speculam
417 789 502 852 nube
531 787 676 850 sublatus
698 786 794 870 paulo
824 789 900 848 ante
921 785 1055 849 uidisset
1075 789 1199 849 maesta

228 873 345 955 omnia,
368 874 519 936 semiruta
535 872 660 954 oppida,
682 871 826 934 desolata
839 870 965 934 moenia
980 870 1021 933 ab
1036 870 1199 954 indigenis

230 956 466 1039 [solitudinem]
473 1005 482 1037 ‚
512 956 639 1020 exulum
661 955 804 1038 turbam,
836 955 864 1018 is
892 954 919 1017 si
942 975 1029 1018 nunc
1056 953 1135 1017 mihi
1163 955 1198 1017 in

228 1040 312 1104 idem
335 1040 414 1103 illud
436 1041 556 1104 editum
571 1045 745 1122 reponatur
767 1061 804 1102 ac
820 1038 975 1122 despiciat
997 1042 1113 1102 cuncta
1133 1039 1197 1102 lae-

190 1145 215 1184 10
228 1124 349 1205 tantia,
377 1145 471 1208 agros
495 1124 651 1205 consitos,
673 1124 767 1186 urbes
789 1123 987 1206 frequentes,
1019 1144 1117 1206 aquas
1140 1144 1197 1206 op·

228 1209 312 1291 pidis
334 1209 514 1291 influentes²
539 1208 709 1293 magnifico
732 1207 820 1271 cultu
842 1229 908 1271 non
927 1208 1069 1290 priuatas
1092 1207 1198 1290 aedes,

228 1292 284 1356 sed
306 1294 434 1377 publica
456 1297 543 1357 tecta
572 1293 752 1377 surgentia,
782 1292 863 1356 dites
886 1313 944 1374 pro
966 1295 1124 1355 terrarum
1150 1292 1198 1355 in·

228 1378 332 1462 geniis
354 1378 510 1442 messibus
534 1381 674 1463 segetes,
697 1377 863 1449 uincentes
886 1375 1098 1460 agricolarum
1120 1378 1200 1438 uota

228 1462 418 1546 uindemiaS,
443 1463 557 1525 arduos
582 1462 678 1525 colles
701 1461 936 1544 profundasque
959 1461 1059 1524 ualles
1082 1464 1114 1524 et
1130 1460 1199 1523 lata

191 1569 217 1606 15
231 1567 414 1630 camporum
443 1547 552 1610 balatu
574 1546 703 1610 hinnitu
732 1545 907 1629 mugitibus
935 1563 1088 1629 persona:
1125 1565 1197 1626 pro-

228 1630 314 1694 fecto
336 1630 504 1695 mirabitur
525 1635 593 1694 tam
614 1630 703 1694 breui
726 1634 843 1694 cuncta
864 1632 1003 1708 mutata,
1033 1628 1159 1692 desiliet
1182 1650 1198 1692 e

228 1715 368 1778 nubibus
390 1719 424 1779 et
444 1716 596 1779 uiciniam
620 1715 697 1779 caeli
720 1714 834 1798 cupide
851 1714 1052 1796 derelinquet
1071 1717 1109 1776 ut
1122 1713 1198 1791 tuis,

229 1799 417 1882 imperator,
445 1800 539 1863 terris
561 1800 697 1863 fruatur.
741 1799 818 1863 illud
842 1819 917 1861 uero
941 1800 1028 1862 cuius
1050 1797 1199 1861 miraculi

230 1886 280 1947 est
305 1885 466 1948 neminem
489 1885 588 1948 ullum
617 1886 765 1948 intanto
792 1905 899 1947 rerum
921 1887 1034 1965 paratu
1061 1884 1200 1946 sensisse
1286 1943 1287 1946 ,

191 1986 216 2025 20
229 1966 446 2052 dispendium,
479 1970 511 2032 in
540 1970 650 2033 omnia
671 1969 841 2052 pecuniam
869 1968 909 2031 ab
932 1967 1123 2050 imperatore
1146 1966 1199 2030 de-

228 2053 332 2134 promi
355 2058 388 2116 et
409 2053 566 2136 quoddam
588 2074 681 2116 uersa
703 2053 774 2117 uice
792 2052 964 2134 prouinciis
986 2051 1083 2134 pendi
1098 2051 1200 2115 tribu·

229 2140 313 2218 tum,
349 2135 438 2199 illinc
470 2135 509 2199 ad
538 2137 705 2199 uniuersos
732 2136 830 2200 fluere
859 2136 986 2200 diuitias
1016 2157 1079 2219 quo
1108 2135 1200 2218 prius

229 2218 369 2302 undique
398 2219 627 2284 confluebant?
671 2221 764 2285 utin
786 2221 926 2284 maxima
948 2221 1133 2303 quaestione
1156 2220 1200 2283 sit

230 2323 332 2386 aquo
355 2299 708 2389 accipias‘imperator,
732 2306 787 2388 qui
810 2307 855 2369 sic
877 2305 1024 2368 omnibus
1040 2304 1199 2389 largiaris.

191 2388 285 2450 used
308 2389 363 2471 qui
385 2389 471 2453 uitae
488 2395 563 2454 tuae
585 2390 735 2454 instituta
757 2390 976 2475 rationemque
998 2389 1200 2474 cognouerit,

213 2471 324 2552 ,facile
346 2472 469 2536 fontem
494 2475 606 2557 copiae
627 2474 721 2538 huius
743 2474 897 2538 inueniet.
942 2475 1115 2538 maximum
1138 2473 1199 2537 tibi
1284 2479 1285 2518 l

134 2629 137 2635 ¹
228 2556 361 2637 praebet
382 2559 578 2640 parsimonia
597 2563 663 2640 tua,
685 2560 840 2644 Auguste,
864 2557 1013 2643 uectigal.
1044 2556 1200 2641 quidquid

230 2640 316 2703 enim
350 2640 404 2704 alii
438 2642 473 2704 in
503 2643 692 2730 cupiditates
726 2645 871 2726 proprias
901 2643 1132 2727 prodigebant,
1164 2640 1200 2704 id

230 2744 323 2789 omne
346 2747 432 2791 nunc
455 2727 489 2790 in
511 2749 585 2792 usus
607 2729 753 2812 publicos
775 2733 965 2791 reseruntur.

190 2825 215 2864 ³0
292 2809 349 2873 XI.
380 2810 555 2896 Hucusque
577 2812 663 2876 solus
685 2815 713 2876 is
734 2813 857 2876 fructus
878 2810 1005 2894 imperii
1025 2811 1202 2894 putabatur

228 2896 265 2956 ut
293 2896 467 2978 imperator
498 2919 517 2959 a
546 2898 658 2961 ceteris
690 2896 813 2961 ciuibus
845 2918 911 2959 non
939 2895 1075 2959 fortibus
1102 2893 1199 2959 factis

228 2999 289 3042 nec
317 2980 488 3063 splendore
514 2981 652 3066 gloriae,
682 2981 736 3044 sed
765 2980 985 3064 magnitudine
1013 2981 1199 3062 sumptuum
1283 3019 1284 3040 i

298 3136 311 3181 1
331 3135 457 3184 mundari
475 3137 510 3195 1,
528 3151 595 3185 corr.
611 3151 627 3201 ς
645 3133 687 3200 lbi
706 3131 744 3198 etl
765 3137 818 3186 &A
835 3132 844 3200 ΙΙ
861 3137 877 3184 6
896 3134 1034 3198 speculam
1051 3135 1116 3182 Ad:
1137 3147 1199 3198 spe-

227 3197 338 3249 luncam
356 3201 455 3251 va
471 3199 481 3268 ll
503 3203 518 3252 7
536 3205 685 3268 semirupta
702 3203 736 3249 W
757 3200 766 3268 ΙΙ
788 3205 803 3253 8
822 3202 997 3252 solitudinem
1014 3203 1107 3252 seclusi
1121 3199 1127 3262 Ι
1143 3208 1198 3250 tur·
1282 3211 1283 3214 ’

228 3265 292 3316 bam
309 3284 355 3318 om.
375 3269 493 3332 clmihi
510 3271 539 3319 in
558 3286 619 3336 epo:
637 3269 720 3318 michi
737 3271 760 3318 Α
777 3272 806 3319 in
824 3270 953 3319 BGVW
974 3266 984 3334 ΙΙ
1005 3271 1021 3316 9
1040 3269 1111 3318 idem
1128 3267 1200 3317 illud

228 3331 263 3379 A:
286 3334 355 3384 illud
374 3336 446 3386 idem
464 3344 523 3387 cett.
547 3335 557 3402 ΙΙ
583 3341 614 3389 13
631 3339 807 3387 mensibusd
830 3337 840 3402 ss
865 3339 898 3387 15
916 3353 1063 3401 personare
1081 3349 1106 3384 w
1130 3333 1140 3399 ll
1166 3336 1200 3384 19

228 3398 318 3464 tanto]
337 3404 426 3453 tacito
443 3404 466 3451 A
482 3403 492 3470 ΙΙ
509 3407 542 3454 22
560 3407 706 3455 uniuersas
723 3406 746 3453 A
762 3404 773 3471 ΙΙ
789 3407 822 3455 23
841 3404 996 3455 confluebat
1014 3405 1037 3452 A
1054 3401 1065 3468 ll
1082 3405 1115 3453 28
1134 3418 1199 3467 pro·
1280 3413 1281 3416 ’

227 3469 312 3584 priusB
323 3471 492 3583 cppvidivt'ates
510 3473 527 3522 0
546 3469 555 3537 ΙΙ
577 3475 610 3522 30
627 3474 798 3538 putabantur
814 3473 838 3520 A
859 3470 869 3537 ΙΙ
890 3475 922 3522 32
942 3472 1048 3537 gloriae
1065 3470 1089 3519 Δ
1107 3469 1201 3522 Beris

229 3549 274 3588 om.
