2582 3992
198 193 240 258 96
415 223 418 231 ·
456 195 491 244 11.
527 193 582 244 cu.
603 189 813 242 Mrnsurrur
830 191 910 242 aas.

139 383 145 390 ·
199 348 330 410 auctora
356 342 477 425 fecisti,
507 345 677 424 utrumque
704 339 954 424 pulcherrimum
976 343 1034 404 est.
1065 361 1170 424 neque

199 429 286 494 enim
325 428 481 493 minorem
519 426 647 492 laudem
684 446 875 512 magnarum
912 445 1019 490 rerum
1050 425 1170 490 aemuli

199 535 294 598 quam
316 513 379 598 ipsi
401 514 563 578 merentur
584 513 742 576 auctores.
777 510 855 594 quin
881 510 995 591 immo,
1022 511 1170 596 quamuis

200 599 376 683 optimum,
404 597 616 680 intemptatae
642 595 690 660 rei
718 593 886 660 consilium
913 594 1062 660 fortunae
1085 613 1172 660 com·

173 683 354 767 amittitur3
387 683 538 748 iteratum
570 702 647 746 uero
679 680 764 744 idem
796 683 891 764 atque
922 679 1092 765 repetitum
1108 749 1109 752 ,
1128 679 1172 744 ad

202 768 402 834 certitudicii
412 766 550 852 gloriam
564 765 716 850 pertinet.
747 765 880 849 ideoque
890 763 953 830 hoc
964 786 1052 830 nunc
1063 765 1169 849 ambo,

200 853 416 918 sacratissime
437 851 627 936 imperator,
650 849 722 935 ipso
748 849 824 915 estis
851 848 1001 934 Scipione
1027 850 1171 934 potiores

201 937 284 1022 quod
299 940 331 1001 et
345 940 382 1002 tu
401 936 590 1001 Africanum
611 937 644 1000 et
662 939 696 999 te
712 933 1093 1006 Diocletianusimitatus
1110 939 1169 1000 est

258 1020 315 1086 IX.
331 1020 501 1106 ingressus
516 1024 566 1085 est
578 1041 681 1105 nuper
701 1019 755 1085 ille
776 1041 848 1084 cem
868 1040 950 1103 quae
972 1017 1107 1084 Raetiae
1122 1022 1173 1084 est

162 1127 188 1168 ro
201 1105 327 1171 obiecta
354 1105 561 1171 Germaniam
587 1104 748 1189 similique
775 1105 896 1169 uirtute
923 1103 1106 1169 Romanum
1133 1103 1171 1168 li·

199 1191 312 1256 mitem
339 1191 475 1256 uictoria
501 1189 648 1274 protulit:
676 1191 756 1255 adeo
783 1189 910 1254 numiui
937 1188 1025 1254 illius
1048 1189 1172 1273 simpli·

203 1276 282 1342 citer
304 1278 528 1361 amanterque,
556 1274 707 1360 quicquid
727 1295 786 1359 pro
808 1274 895 1338 hisee
917 1273 1013 1338 terris
1035 1273 1169 1358 feceras,

201 1360 354 1444 retulisti,
378 1382 451 1426 eum
471 1382 510 1426 ex
530 1359 658 1425 diuersa
683 1359 769 1424 orbis
795 1362 888 1444 parte
914 1361 1066 1424 meantes
1086 1359 1172 1424 inui-

201 1449 270 1510 ctae
285 1446 432 1512 dexteras
449 1445 646 1528 contulistis3
668 1445 748 1510 adeo
762 1445 861 1508 fidum
875 1443 956 1508 illud
970 1444 1034 1510 fuit
1055 1443 1172 1518 frater·

163 1549 340 1614 unumque
370 1530 541 1615 eloquium.
583 1530 702 1614 inquo
728 1529 822 1594 uobis
844 1531 955 1593 mutua
975 1529 1171 1614 praebuistis

203 1616 345 1680 omnium
369 1615 514 1700 exempla
534 1614 690 1679 uirtutum
713 1617 809 1698 atqua
830 1612 970 1678 inuicem
991 1635 1061 1696 uos,
1083 1613 1172 1698 quod

201 1698 270 1764 fieri
302 1700 366 1764 iam
399 1721 493 1785 posse
525 1721 592 1764 non
621 1697 806 1780 uidebatur,
840 1698 993 1782 auxistis,
1027 1699 1082 1763 ille
1109 1698 1173 1764 tibi

201 1784 399 1850 ostendendo
422 1786 506 1850 dona
527 1783 673 1868 Persica,
701 1786 737 1848 tu
763 1782 812 1848 illi
839 1783 944 1868 spolia
967 1783 1171 1848 Germanica.

201 1868 258 1933 sed
278 1890 383 1953 neque
404 1870 496 1934 illum
518 1869 655 1934 uirtutes
682 1872 756 1933 tuae
778 1868 912 1933 bellicae
934 1889 956 1934 u
977 1867 1173 1932 liberalitate

163 1973 300 2035 scaeqrae
327 1960 355 2020 te
383 1953 469 2019 illius
510 1975 587 2038 opes
614 1975 634 2017 a
661 1952 777 2018 bellica
810 1953 930 2018 uirtute
963 1955 1173 2018 reuooamnt:

203 2038 297 2102 ambo
325 2059 412 2102 nuuc
441 2038 517 2102 estis
545 2039 592 2100 lar
617 2037 733 2121 issimi,
764 2037 859 2102 ambo
885 2037 1054 2103 fortissimi
1076 2041 1174 2122 atque

202 2119 264 2186 hac
291 2122 362 2205 ipsa
389 2123 490 2188 cestu
523 2059 731 2187 similitudine
763 2123 868 2208 magis
900 2122 1066 2208 magisque
1098 2143 1173 2188 con·

9 2244 167 2270 w«
203 2204 314 2270 cordes
343 2210 390 2290 et,
425 2207 508 2290 quod
538 2206 626 2271 omni
655 2227 775 2272 consen
822 2208 937 2272 initate
965 2207 1081 2272 certius
1111 2211 1173 2291 est,

203 2289 377 2355 uirtutibus
396 2291 523 2356 fratres.
554 2291 600 2356 sic
625 2291 663 2356 fit
684 2295 720 2356 ut
740 2313 782 2358 uo
804 2293 832 2358 is
853 2295 981 2357 tantum
1000 2291 1173 2376 imperium

164 2393 190 2436 aa
203 2375 273 2440 sine
304 2376 371 2441 ulla
406 2376 619 2442 aemulatione
655 2397 823 2442 commuue
860 2379 903 2442 sit
934 2398 1038 2462 neque
1070 2377 1174 2442 ullum

201 2461 288 2524 inter
315 2481 373 2526 uos
400 2461 570 2527 discrimen
606 2483 674 2528 esse
707 2461 891 2547 patiamini,
926 2461 982 2526 sed
1009 2461 1106 2546 plane
1135 2465 1174 2527 ut

202 2545 325 2630 gemini
345 2546 394 2643 illi
414 2566 506 2631 reges
520 2546 769 2646 Lacedaemonis
783 2545 976 2613 Heraclidae
998 2545 1173 2695 rempubli-

203 2649 273 2694 cam
287 2651 358 2713 pan
373 2633 459 2696 sorte
473 2634 620 2698 teneatis.
652 2653 844 2716 quamquam
865 2631 927 2697 hoc
947 2653 1006 2696 uos
1022 2652 1073 2696 me
1085 2651 1174 2698 rores

271 2855 285 2902 1
298 2853 434 2918 utrimque
447 2856 480 2902 W
497 2851 507 2918 ΙΙ
524 2857 540 2904 4
552 2854 703 2920 intemptaa
715 2856 739 2904 A
751 2855 837 2918 Bura,
850 2857 959 2905 intenta
970 2861 1029 2905 cett.
1046 2851 1056 2919 ll
1075 2855 1090 2904 6
1103 2855 1176 2904 certi

202 2922 311 2984 scripsi:
335 2927 441 2972 certam
457 2921 485 2968 Ι
509 2919 512 2986 Ι
537 2926 642 2973 certam
665 2923 706 2973 rei
729 2923 787 2976 iud.
808 2923 826 2970 0
854 2919 864 2988 ΙΙ
893 2923 908 2971 t
930 2923 1010 2973 ambo
1028 2936 1086 2972 sac.
1104 2921 1175 2991 imp.

202 2988 275 3037 ΠΙ
292 2987 380 3039 Bari„-
408 2989 483 3040 sacri
507 2989 587 3040 ambo
609 2990 791 3055 imperatores
813 2991 833 3039 B
856 2990 925 3052 0V;
956 2991 1019 3041 illud
1041 2989 1176 3041 sumatis-

203 3057 272 3106 sime
291 3056 329 3106 br‘s
346 3071 406 3120 cap.
423 3057 443 3106 I
454 3059 530 3121 plene
551 3059 675 3122 scriptum
696 3057 787 3108 abhinc
807 3059 867 3122 fere
888 3057 1051 3108 abbreviatur·
1071 3071 1128 3108 sac.
1146 3057 1177 3108 ia

203 3120 254 3187 11
266 3125 282 3173 9
295 3122 342 3173 illa
356 3139 416 3174 eam
426 3126 534 3188 carpsi:
547 3123 622 3174 illam
631 3125 660 3172 1
672 3121 681 3190 ll
695 3127 728 3176 10
740 3125 907 3190 germaniae
922 3125 927 3186 Ι
942 3123 1017 3176 ultra
1029 3139 1177 3176 romanum

202 3201 229 3238 rr
254 3187 265 3255 ll
293 3192 323 3240 11
340 3192 487 3242 uictoriam
498 3193 521 3241 Δ
534 3192 556 3239 V
566 3192 600 3241 W
622 3189 632 3257 [t
657 3194 689 3241 12
705 3192 781 3243 hisce
798 3196 878 3244 terris
894 3192 1041 3244 Liuineius:
1057 3191 1102 3244 his
1120 3190 1177 3258 (uer

202 3255 272 3322 hiis)
285 3258 385 3309 ceteris
395 3261 423 3307 1
444 3256 454 3324 ΙΙ
478 3263 510 3311 14
521 3257 566 3310 lid.
579 3259 787 3326 fraternumque
800 3260 854 3311 fuit
865 3259 936 3310 illud
947 3261 1026 3311 MV
1044 3257 1050 3326 1
1069 3259 1178 3311 frater·

202 3339 267 3375 num
280 3327 314 3373 W
329 3322 338 3392 ll
360 3327 392 3376 15
412 3325 551 3392 eloquium
584 3326 745 3393 obsequium
763 3327 795 3375 W
811 3326 979 3395 colloquium
997 3341 1014 3395 ς
1034 3325 1037 3393 Ι
1056 3327 1139 3378 nobis
1157 3329 1176 3379 a

205 3389 219 3457 ll
239 3394 270 3443 19
289 3407 306 3442 a
323 3395 384 3444 cdd.
397 3407 434 3443 v:
453 3411 499 3446 om.
512 3394 539 3442 x
584 3395 618 3444 20
635 3409 724 3460 neque
736 3399 764 3446 te
777 3397 886 3461 scripsi:
904 3411 951 3447 om.
964 3395 992 3446 1
1004 3396 1176 3462 nequeedd„

204 3476 268 3525 qaae
287 3465 391 3525 tepeat
407 3462 510 3512 uirtute
527 3463 634 3512 addunt.
657 3476 710 3512 nec
727 3461 803 3513 illius
821 3478 888 3529 opes
905 3468 933 3514 te
952 3476 977 3513 w
993 3461 1004 3530 l
1022 3465 1054 3514 21
1074 3461 1173 3530 atque]

204 3528 240 3578 ab
259 3529 276 3580 o
298 3523 307 3594 ll
330 3530 363 3578 22
381 3533 477 3578 uestra
494 3541 519 3578 vr
537 3526 596 3592 121
615 3529 842 3582 Lacedaemones
859 3531 896 3598 lt,
915 3547 983 3585 corr.
994 3532 1135 3588 ,brunam
