2578 4000
198 217 261 280 222
527 217 560 266 x.
590 215 837 266 1111111111.

197 368 329 432 fortuna
350 367 562 449 promitteret.
604 365 695 447 dolis,
719 364 821 445 credo,
845 363 1040 426 existimauit
1062 363 1170 448 decipi
1275 337 1276 416 1

198 473 300 534 posse.
345 451 400 514 sed
426 471 492 513 non
526 451 627 513 uirtus
655 451 713 512 tua
742 448 780 512 de
808 447 1035 531 congressione
1070 470 1169 531 quam
1275 439 1276 464 ³

197 535 368 619 prudentia
389 538 438 598 est
458 533 625 598 defraudo
643 533 792 596 securior.
819 532 889 614 quis
912 532 998 595 enim
1021 530 1061 594 ad
1076 554 1170 614 prae·

198 619 400 684 sentiendum
422 617 587 701 sagacior?
611 617 681 701 quis
703 615 891 700 uigilantior
912 616 953 679 ad
974 616 1172 680 uitandum?
1275 691 1276 704 χ

172 705 269 788 cquis
301 703 538 786 contemplatur
564 701 746 785 praesentia
779 700 898 782 acrius,
930 703 1068 765 uentura
1096 723 1170 784 pro·
1275 775 1276 780 γ

196 788 303 871 lixius,
327 788 478 871 ambigua
501 789 629 869 certius,
653 786 796 868 captiosa
816 784 967 848 felicius?
1000 805 1067 848 non
1089 783 1168 850 hinc
1275 843 1276 878 ἦ

197 877 304 936 tecum
324 871 472 954 Lynceus
498 870 553 934 illo
583 873 720 934 certaret
747 872 817 952 qui,
845 872 882 932 ut
907 871 1021 951 poetae
1045 868 1170 954 ferunt,
1275 879 1276 910 l

197 955 359 1039 parietum
387 958 479 1037 septa
507 958 540 1018 et
561 955 712 1018 arborum
733 957 864 1018 truncos
891 954 962 1017 uisu
984 953 1079 1017 facile
1100 957 1168 1017 tra·
1275 1009 1276 1012 ,

198 1039 315 1103 icicbat
345 1042 401 1101 aut
429 1039 525 1102 etiam
551 1039 606 1102 ille
633 1059 727 1121 quem
755 1038 866 1102 eadem
893 1039 1037 1101 uetustas
1059 1038 1169 1102 locuta

160 1144 186 1182 ιο
199 1126 257 1203 221,
281 1143 353 1186 oum
375 1123 409 1185 in
425 1121 584 1187 Siciliensi
606 1123 735 1206 specula
758 1122 962 1203 constitisset,
986 1123 1169 1205 conspicari

199 1207 328 1271 solitum
354 1228 453 1270 naues
481 1229 561 1304 quae
588 1207 720 1271 Africae
746 1209 877 1291 portum
905 1206 1066 1288 subirent,
1095 1229 1169 1270 cum

197 1294 401 1375 prospectum
415 1290 555 1356 hommis
575 1312 641 1354 non
663 1312 716 1354 aer
736 1291 854 1355 offusus
868 1312 962 1374 quem
978 1291 1169 1356 crassiorem

198 1376 334 1440 exalatio
362 1377 458 1439 maris
480 1376 615 1456 faceret,
642 1397 710 1439 non
736 1378 830 1439 tanta
857 1375 1092 1440 disiunctarum
1119 1397 1168 1439 re·

198 1461 331 1544 gionum
353 1459 574 1544 longinquitas
594 1459 775 1542 impediret.

160 1563 186 1604 15
262 1543 336 1608 XII.
370 1542 450 1609 (lum
473 1565 545 1628 spes
567 1545 670 1607 omnis
691 1544 810 1628 frigere
833 1543 979 1608 debuerit
1001 1545 1034 1606 et
1055 1543 1168 1607 uolun-

198 1631 249 1692 tas
277 1629 469 1711 pacificandi
501 1628 642 1692 alienata
669 1628 727 1710 su,
761 1628 831 1711 quis
860 1627 984 1691 dubitet
1011 1628 1169 1693 diuinitus

200 1713 297 1775 armis
312 1713 377 1777 tuis
393 1712 543 1796 deditum,
567 1733 638 1776 cum
661 1734 698 1777 eo
715 1712 894 1776 dementiae
915 1712 1110 1794 processerit
1131 1715 1166 1775 ut

198 1797 283 1860 ultro
307 1798 404 1860 etiam
419 1797 589 1861 lacesseret
603 1819 698 1880 quem
720 1796 842 1861 ambire
863 1795 1013 1860 deberet?
1037 1817 1167 1879 oquam

200 1902 288 1944 acres
311 1880 456 1944 dolorum
478 1881 605 1944 aculeos
627 1880 737 1963 habes,
765 1880 966 1961 contumelia,
990 1901 1087 1962 quam
1108 1881 1167 1943 im-

161 1987 186 2026 ao
199 1966 292 2048 ponit
305 1964 453 2029 inferior!
477 1987 550 2030 ecce
565 1965 661 2046 enim,
685 1987 743 2048 pro
759 1965 862 2029 dolor!
887 1965 999 2050 (uerba
1021 1965 1077 2028 uix
1095 1986 1166 2047 sup-

198 2050 339 2133 petunt),
363 2049 617 2113 uenerandarum
639 2049 819 2132 imaginum
841 2049 953 2113 acerba
974 2048 1112 2112 deiectio
1135 2052 1167 2112 et

199 2131 301 2195 diuini
329 2132 436 2195 uultus
463 2132 560 2196 litura
589 2133 747 2197 deformis.
792 2154 810 2196 o
839 2154 953 2196 manus
981 2133 1116 2214 impiae!
1147 2153 1166 2195 o

198 2219 305 2278 truces
327 2215 425 2279 oculi!
448 2217 495 2280 ita
515 2238 582 2290 non
597 2217 783 2301 caligastis?
803 2218 839 2280 in
854 2239 915 2301 quo
929 2217 1038 2281 lumen
1053 2215 1166 2280 mundi

199 2299 435 2382 obscurabatis,
463 2301 593 2364 meritas
618 2301 682 2384 ipsi
703 2301 852 2366 tenebras
880 2322 946 2365 non
969 2299 1165 2364 imbibistis?

160 2405 186 2446 11
199 2405 398 2448 commouere
413 2385 552 2467 tandem,
571 2386 698 2450 conscia
712 2386 825 2469 uirtus,
848 2407 908 2449 nec
921 2385 1091 2468 permittas
1105 2384 1167 2448 hoc

198 2469 298 2532 furori
321 2469 372 2532 cui
394 2469 432 2532 de
453 2473 486 2534 te
508 2469 594 2533 aliud
615 2490 682 2534 non
704 2471 830 2534 licebat.
858 2468 913 2533 sed
936 2467 1012 2552 quid
1034 2469 1166 2532 tandem

198 2553 391 2635 assequeris,
415 2574 509 2616 caeca
532 2553 716 2618 dementia?
751 2554 871 2618 aboleri
893 2553 1000 2617 uultus
1023 2551 1166 2616 hicnon

197 2638 311 2719 potest.
343 2637 563 2700 uniuersorum
584 2638 766 2721 pectoribus
788 2639 905 2701 infixus
928 2639 1059 2701 estnec
1082 2657 1166 2700 com·

197 2719 401 2785 mendatione
425 2742 514 2785 cerac
537 2744 574 2786 ac
596 2723 832 2806 pigmentorum
852 2720 936 2787 fucis
957 2721 1088 2804 renitet,
1111 2720 1165 2784 scd

159 2825 186 2866 so
199 2804 355 2870 desiderio
388 2805 559 2871 efflorescit
591 2809 782 2871 animorum.
826 2827 891 2869 una
924 2806 1052 2869 demum
1082 2804 1166 2872 Con·

199 2890 336 2953 stantini
363 2889 481 2955 obliuio
509 2894 558 2954 est
584 2891 717 2954 humani
738 2891 865 2976 generis
895 2909 1035 2954 occasus.
1079 2909 1166 2953 nunc

267 3131 381 3178 lmalim
397 3133 426 3178 12
443 3129 535 3194 decipi
563 3127 574 3194 ΙΙ
602 3131 619 3178 4
641 3128 783 3178 uitandum
804 3129 913 3192 scripsi:
936 3125 1085 3177 uidendum
1101 3128 1131 3174 Ι
1156 3123 1166 3190 ll

198 3194 433 3260 §contempletur
450 3197 477 3244 11
497 3194 507 3262 ΙΙ
529 3198 544 3246 1
562 3197 686 3246 lincheus
703 3196 730 3242 11
751 3194 761 3260 ll
783 3197 814 3244 12
833 3195 935 3245 effusus
952 3195 987 3256 1,
1005 3209 1074 3247 corr.
1092 3195 1165 3244 Liui·

197 3259 579 3394 ezllnlltsttull
597 3269 679 3381 {ul
696 3263 895 3393 11111111
909 3259 1168 3392 tuttelstet

195 3401 257 3458 post
275 3396 387 3448 aculeos
405 3400 427 3447 Δ
444 3396 527 3460 3211,
544 3406 605 3462 port
621 3398 705 3447 habes
724 3368 853 3446 llcvw
869 3405 966 3463 ponunt
983 3393 993 3461 ΙΙ
1013 3398 1046 3446 21
1065 3396 1165 3446 acerba

199 3477 236 3512 v:
254 3477 355 3513 aceruo
371 3467 399 3512 lt
422 3463 432 3528 ΙΙ
455 3467 488 3514 27
506 3465 551 3514 hic
569 3464 699 3517 uultusc
720 3461 730 3530 ll
753 3467 786 3515 29
805 3461 851 3530 ac]
873 3470 922 3516 aut
940 3465 999 3516 edd.
1020 3461 1031 3528 ll
1055 3467 1088 3514 31
1109 3457 1163 3527 cst]

199 3535 274 3582 esset
291 3531 500 3596 Eyssenhardtur
958 3555 967 3576 ·
