2572 3990
134 203 135 206 ’
155 249 159 258 ,
187 191 235 266 ’36
512 202 534 254 1.
564 199 594 250 c.
613 200 730 250 curun
748 200 827 250 PAN.

24 362 27 366 '
132 369 135 390 ³
190 353 304 416 natura
337 353 507 434 pateretur,
542 371 636 432 quam
665 348 804 414 libenter
836 351 886 411 tot
920 349 1078 431 spoliatis,
1109 353 1162 414 tot

6 445 31 514 j
92 461 93 464 ¹
190 435 357 500 trucidatis
392 435 584 520 sanguinem
617 435 650 498 et
686 433 770 496 bona
802 432 991 496 refudissesi
1029 434 1161 498 uetuisti

191 521 279 604 exigi
300 521 384 603 quod
406 519 515 583 deberi
541 540 608 582 non
636 521 691 581 tuo
718 517 845 582 saeculo
876 521 1033 600 coeperat.
1078 519 1161 582 alius

191 609 228 669 ut
257 604 497 668 contumacibus
527 603 717 667 irasceretur
738 601 985 686 tarditatemque
1014 603 1161 667 soluendi

167 709 179 749 a
194 689 282 772 dupli
308 689 360 752 uel
388 689 485 753 etiam
509 687 675 770 quadrupli
702 687 897 771 irrogatione
913 689 1076 751 ¹multaret
1089 711 1096 750 τ
1108 753 1112 758 ,
1125 691 1161 751 tu

192 774 274 837 nihil
295 773 415 836 referre
436 773 616 856 iniquitatis
632 771 803 851 existimas,
828 771 937 855 erigas
952 772 1038 854 quod
1053 772 1160 836 deberi

192 880 259 922 non
282 857 457 940 oportuerit
478 879 520 920 an
542 856 715 920 constituas
738 860 775 918 ut
797 856 958 920 debeatur.

174 940 175 945 ’
256 941 339 1005 an.
375 941 480 1024 Feres,
505 940 630 1024 Caesar,
655 961 763 1004 curam
779 943 811 1004 et
825 939 1072 1004 sollicitudinem
1089 962 1162 1004 eon·

193 1027 339 1100 sularem.
384 1048 459 1090 nam
481 1025 561 1089 mihi
582 1025 738 1109 cogitanti
764 1026 898 1089 eundem
919 1027 951 1088 te
973 1025 1161 1089 collationes

2 1105 11 1206 i,
118 1128 120 1132 ·
156 1132 180 1170 10
193 1111 363 1194 remisisse,
380 1110 567 1176 donatiuum
578 1109 761 1192 reddidisse,
785 1110 987 1193 congiarium
998 1109 1160 1193 obtulisse,

2 1205 20 1284 q
49 1197 50 1200 ’
194 1196 351 1260 delatores
368 1195 523 1280 abegisse,
544 1194 716 1279 uectigalia
734 1198 939 1277 temperasse,
962 1195 1161 1279 interrogan-

2 1289 17 1350 1·
45 1353 46 1356 ,
73 1285 77 1292 ”
194 1281 252 1344 dus
275 1280 393 1344 uideris
416 1280 536 1344 satisne
560 1279 794 1362 computaueris
816 1279 942 1361 imperii
956 1279 1087 1343 reditus.
1118 1300 1161 1342 an

2 1363 10 1450 l
193 1368 303 1462 tantas
336 1365 420 1428 uires
448 1363 547 1461 habet
579 1365 749 1461 frugalitas
776 1363 931 1465 principis
964 1367 1000 1426 ut
1027 1366 1077 1427 toi
1103 1365 1162 1460 im-

41 1515 63 1568 1
92 1543 108 1564 -
156 1552 181 1593 a
194 1447 946 1617 attrahitis{bridferthi
959 1447 1163 1615 stiterit

194 1621 288 1702 rapta
321 1618 507 1700 retinerent,
535 1620 572 1681 ut
606 1618 633 1680 si
660 1617 743 1681 nihil
775 1617 968 1700 rapuissent,
1003 1616 1163 1680 defuerint

195 1703 312 1787 omnia,
334 1703 405 1786 tibi,
430 1724 502 1767 cum
515 1706 583 1766 tam
598 1703 700 1766 multa
722 1701 869 1786 largiaris
882 1705 914 1765 et
928 1701 1011 1764 nihil
1027 1702 1161 1785 auferas

13 1827 21 1868 5„
111 1832 113 1834 ψ
195 1791 231 1851 ut
253 1788 280 1852 si
301 1787 384 1852 nihil
406 1787 554 1872 largiaris
577 1790 609 1850 et
631 1787 755 1851 auferas
777 1789 896 1869 omniu,
925 1787 1032 1849 omnia
1054 1807 1161 1868 super-

107 1905 108 1908 *
195 1873 284 1936 sint?
321 1893 495 1955 numquam
532 1871 731 1954 principibus
767 1869 940 1935 defuerunt
971 1871 1025 1954 qui
1057 1870 1163 1934 fronte

7 1963 12 1976 ”
51 1991 52 1994 =
157 1975 183 2014 ao
195 1957 281 2020 tristi
310 1960 343 2020 et
368 1957 460 2040 graui
488 1955 657 2037 supercilio
681 1955 873 2019 utilitatibus
900 1955 969 2018 fisci
999 1959 1162 2019 contuma-

197 2042 277 2106 citer
305 2041 462 2104 adessent.
507 2043 539 2102 et
567 2042 659 2102 erant
685 2041 848 2126 principes
876 2039 938 2123 ipsi
966 2061 1023 2103 sua
1049 2041 1163 2122 sponte

2 2180 4 2184 ,
196 2125 283 2188 auidi
305 2133 336 2188 et
358 2145 490 2206 rapaces
513 2126 545 2187 et
567 2125 620 2206 qui
640 2125 804 2209 magistris
818 2145 919 2188 none
944 2127 1049 2207 erent3
1070 2124 1164 2206 plura

1 2259 4 2262 .
93 2281 97 2284 „
195 2213 305 2272 tamen
334 2229 459 2290 semper
485 2229 503 2270 a
530 2209 625 2272 nobis
654 2213 766 2273 contra
793 2231 853 2272 nos
881 2146 1069 2272 didicerunt.
1109 2208 1164 2272 sed

197 2293 237 2358 ad
259 2295 330 2356 tuas
353 2313 444 2357 aures
467 2315 539 2356 cum
563 2293 676 2357 ceteris
699 2293 846 2358 omnibus
868 2296 937 2356 tum
959 2294 1012 2358 uel
1025 2293 1163 2356 maxime

2 2431 6 2464 3
160 2377 303 2442 sanaris
339 2378 575 2442 adulationibus
611 2378 801 2442 obstructus¹
830 2382 878 2442 est
911 2378 1024 2443 aditus.
1069 2379 1165 2441 silent

30 2463 31 2466 ’
104 2471 105 2474 ’
198 2484 275 2546 ergo
299 2465 331 2526 et
348 2463 524 2546 quiescunt,
547 2466 587 2546 et,
610 2466 779 2546 postquam
801 2484 867 2526 non
890 2466 939 2526 est
961 2463 1012 2527 cui
1035 2462 1165 2526 suadea-

197 2551 259 2628 tur,
293 2547 347 2630 qui
380 2547 536 2610 suadeant
567 2569 635 2611 non
658 2551 741 2612 sunt.
785 2568 846 2630 quo
875 2547 984 2611 euenit
1010 2549 1061 2628 ut,
1096 2567 1165 2610 cum

198 2631 370 2714 plurimum
391 2631 453 2695 tibi
475 2653 532 2714 pro
555 2631 628 2716 tuis,
652 2632 725 2716 plus
747 2635 857 2695 tamen
878 2653 936 2714 pro
958 2632 1078 2695 nostris
1100 2651 1164 2694 mo-

198 2715 286 2780 ribus
310 2713 491 2781 debeamus.

161 2821 187 2861 sc
221 2799 222 2804 ’
263 2799 364 2866 anl.
398 2800 655 2884 Locupletabant
677 2802 709 2864 et
730 2800 842 2864 fiscum
865 2809 897 2864 et
920 2801 1076 2864 aerarium
1099 2820 1166 2862 non

199 2883 437 2950 tameroniae
449 2889 481 2949 et
492 2885 592 2949 Iuliae
604 2885 692 2969 leges
704 2907 801 2969 quam
813 2885 990 2948 maiestatis
1003 2885 1166 2969 singulare

2 668 5 685 q
49 675 50 678 ,

2 689 4 718 l

2 745 3 762 l

199 3033 402 3042 *ww—*qn

269 3125 474 3187 2sanguineii
505 3122 514 3189 ΙΙ
544 3123 623 3174 5uel
641 3125 727 3173 etiam
745 3125 823 3174 edd:
846 3124 893 3174 uel
916 3127 943 3173 et
959 3126 986 3173 n
1003 3124 1049 3174 uel
1066 3125 1120 3173 siue
1140 3127 1167 3172 et

201 3189 269 3256 ς118
288 3189 343 3241 fers
360 3193 381 3240 B
398 3188 408 3256 ΙΙ
429 3193 460 3242 13
479 3191 629 3255 frugalitas
646 3204 684 3238 w:
704 3191 846 3256 fragilitas
863 3193 891 3239 n
906 3188 918 3258 ΙΙ
936 3194 967 3242 16
984 3197 1043 3256 post
1061 3191 1168 3255 rapuis-

201 3262 262 3308 sent
281 3259 339 3311 edd.
358 3259 457 3308 addunt
474 3259 544 3308 nihil
567 3258 753 3308 detinuissent
775 3257 969 3324 (retinuissent
986 3256 1133 3322 Liuineius)
1153 3254 1165 3322 ll
1252 3307 1255 3312 ,

203 3327 234 3375 17
252 3329 279 3374 et
296 3325 366 3374 nihil
383 3327 451 3374 BV:
470 3331 499 3376 et
516 3328 533 3375 (i
552 3340 604 3374 nec
622 3322 675 3390 wil
697 3327 729 3376 18
747 3330 779 3376 ut
797 3328 823 3377 si
840 3327 911 3376 nihil
928 3327 1059 3391 largiaris
1072 3329 1101 3376 et
1120 3340 1168 3375 au·

202 3393 279 3442 feras
296 3392 363 3441 BV:
382 3409 429 3443 cm.
448 3396 465 3442 0
481 3394 515 3441 W
532 3408 610 3443 causa
630 3401 723 3456 aperta
738 3390 742 3458 Ι
758 3395 859 3453 omnia,
877 3394 969 3446 omnia
986 3396 1095 3458 scripsi:
1114 3405 1168 3443 om·

158 3499 162 3508 .
201 3460 250 3508 nia
271 3460 298 3507 li
327 3457 336 3524 ΙΙ
365 3460 398 3510 20
421 3462 500 3525 graui
523 3465 551 3510 et
573 3459 647 3510 tristi
671 3462 687 3508 (i
717 3457 727 3524 ΙΙ
757 3462 788 3510 21
812 3461 866 3526 ipsi
889 3478 935 3513 om.
959 3463 992 3510 W
1021 3459 1031 3526 11
1061 3462 1094 3512 28
1116 3460 1169 3511 tibi

202 3541 262 3576 cum
280 3526 426 3592 plurimum
445 3530 462 3574 c
