2586 3996
196 191 261 256 264
540 195 587 247 XI.
617 194 828 248 MAMERTINI

196 348 400 427 prouocatae‚
423 367 491 409 uon
511 346 666 409 uirtutum
688 345 896 410 admiratione
920 347 1098 412 deuinctae.
1133 351 1169 412 at

197 450 274 494 uero
302 433 412 494 noster
448 430 580 495 affectus
608 430 676 494 ueri
711 431 850 514 certique
878 431 986 496 iudicii
1015 435 1064 496 est
1090 432 1169 496 imis

197 513 313 579 mentis
336 515 464 580 sedibus
487 515 631 612 illigatus
655 515 809 600 [animus]
839 519 871 581 ct
892 517 978 582 uitae
999 516 1168 582 immixtus

197 602 230 662 ct
258 599 383 682 unitus,
421 600 571 665 resolutis
603 599 701 664 etiam
734 608 838 665 morte
874 602 1058 685 corporibus
1091 622 1165 666 cum

170 683 371 748 simmortali
398 689 506 750 mente
534 685 688 749 uicturus.
733 706 822 750 arma
849 687 950 770 igitur
977 690 1010 751 et
1033 685 1169 750 iuuenes

197 789 268 833 cum
292 769 409 854 gladiis
431 773 527 854 atque
548 769 621 853 pilis
643 789 710 835 non
733 771 894 835 custodiae
918 773 1057 855 corporis
1079 775 1168 855 sunt,

196 852 252 918 sed
267 854 398 938 quidam
412 855 635 938 imperatoriae
652 855 828 920 maiestatis
843 856 1006 920 sollemnis
1022 859 1165 921 ornatus.

196 938 272 1022 quid
295 939 380 1003 euim
406 939 477 1004 istis
503 960 582 1023 opus
605 942 669 1023 est,
700 960 771 1004 cum
793 941 977 1005 firmissimo
1003 941 1046 1006 sis
1072 961 1170 1005 muro

197 1022 291 1087 ciuici
313 1025 430 1088 amoris
452 1023 646 1107 obsaeptus?
671 1047 712 1088 an
735 1027 907 1091 metuenda
920 1025 981 1090 tibi
1003 1026 1091 1090 curia
1106 1030 1169 1108 est,

158 1128 183 1168 10
197 1129 269 1172 cum
295 1109 422 1173 senatui
448 1109 640 1174 nouaclum
662 1112 804 1174 ueterem
830 1111 1004 1175 reddideris
1027 1109 1167 1194 dignita·

194 1195 276 1275 tem,
311 1193 368 1258 sed
395 1194 569 1278 plurimum
597 1194 697 1259 etiam
723 1196 802 1259 noui
829 1193 959 1260 honoris
988 1193 1167 1260 adieceris?

196 1299 237 1342 an
264 1278 402 1362 populus
437 1282 487 1342 est
513 1279 677 1343 timendus
709 1281 910 1362 procuratori
941 1280 1166 1345 alimentorum

196 1384 342 1446 suorum,
366 1363 451 1428 uitae
473 1363 609 1448 uindici‚
631 1365 790 1430 libertatis
813 1364 956 1430 auctori?
990 1387 1068 1429 nam
1090 1364 1167 1448 quid

196 1448 235 1512 de
262 1448 419 1512 militibus
447 1449 585 1533 loquar?
630 1448 693 1514 duo
720 1472 761 1514 an
782 1451 845 1514 tria
867 1450 968 1514 ferme
997 1471 1036 1514 ex
1057 1454 1168 1514 uetere

158 1553 183 1593 1⁵
195 1534 351 1597 memoria
378 1533 553 1598 amicorum
574 1535 667 1618 paria
688 1535 903 1618 proferuntur.
947 1555 1032 1620 nego
1058 1555 1168 1632 quem·

195 1616 282 1700 piam
311 1618 351 1682 ab
373 1640 439 1683 uno
469 1618 571 1684 amico
598 1619 671 1704 plus
694 1619 845 1684 dilectum
867 1642 963 1704 quam
984 1624 1038 1701 tu,
1066 1639 1168 1766 1111ἕο-

194 1703 294 1787 rator,
317 1725 385 1768 11011
407 1702 504 1768 modo
526 1726 544 1768 a
568 1704 736 1769 comitibus
759 1711 788 1770 ct
807 1705 946 1770 tribunis
967 1705 1047 1787 tuis,
1069 1724 1104 1768 se
1148 1725 1169 1768 a

194 1786 378 1871 legionibus
402 1789 542 1870 cunctis,
567 1789 726 1874 equitibus
749 1811 786 1854 ac
807 1790 983 1874 peditibus,
1006 1788 1170 1874 gregariis
1279 1777 1280 1786 ¹

195 1871 291 1936 etiam
313 1873 470 1940 militibus
494 1874 661 1958 diligaris..
683 1875 800 1958 itaque,
823 1875 905 1959 quod
929 1874 968 1939 ad
983 1877 1016 1938 te
1038 1873 1169 1957 attinet,

157 1975 182 2016 1ο
198 1960 313 2022 cuncta
328 1959 391 2022 iam
407 1981 426 2023 a
441 1958 584 2023 custodie
596 1960 643 2023 tui
658 1980 746 2024 arma
760 1980 953 2044 remoueres3
969 1961 1024 2023 sed
1036 1957 1170 2043 quando

194 2041 255 2105 hoc
276 2046 368 2125 potes
390 2045 581 2126 persuadere
606 2044 788 2108 militibus?
831 2045 928 2108 anxia
954 2048 1003 2108 est
1023 2042 1168 2108 fidelium

194 2125 373 2210 diligentia.
421 2128 562 2192 maximo
594 2129 696 2192 amori
727 2129 885 2194 maximus
912 2129 1009 2194 timor
1036 2129 1170 2193 iunctus

194 2212 253 2273 est.
297 2232 364 2275 non
390 2211 483 2277 nobis
511 2212 633 2277 sufficit
656 2211 740 2296 quod
763 2213 931 2278 obtinuisti
959 2217 996 2277 ut
1015 2233 1111 2277 nemo
1133 2216 1170 2277 te

193 2292 272 2358 uelit
294 2294 434 2380 laedere,
457 2296 521 2360 nisi
543 2319 603 2362 nos
626 2319 771 2363 curamus
794 2302 831 2362 ut
851 2319 945 2363 nemo
968 2294 1079 2382 possit.

154 2396 179 2436 2⁵
257 2376 359 2444 XXV.
382 2380 577 2446 Habuerunt
596 2383 744 2448 nonnulli
766 2383 820 2448 alii
834 2384 997 2468 principes
1017 2381 1168 2446 deuotam

193 2466 225 2527 et
252 2470 414 2530 amantem
441 2467 491 2531 sui
519 2467 698 2549 cohortem,
729 2468 784 2533 sed
806 2469 869 2533 alio
895 2467 1033 2553 quodem
1054 2466 1171 2550 modo;

191 2547 331 2630 primum
351 2551 435 2632 quod
454 2551 594 2634 imperiti
617 2573 654 2616 10
672 2553 766 2617 rudes
788 2552 1042 2618 indoctissimum
1057 2573 1168 2634 quem-

192 2652 254 2780 310
273 2633 308 2696 in
324 2635 492 2699 consilium
507 2635 710 2720 delegabant,
735 2637 858 2702 scilicet
877 2641 914 2702 ut
930 2638 1075 2721 ipsorum
1091 2657 1167 2719 pru-

215 2718 303 2782 entia
325 2719 422 2804 uulgo
439 2741 567 2785 suorum
591 2721 794 2806 aliquatenus
812 2722 977 2787 emineret.
1011 2721 1069 2804 ita,
1092 2742 1168 2785 cum

153 2819 178 2858 1ο
192 2801 367 2869 uilissimus
389 2805 523 2889 quisque
538 2805 699 2872 honorum
722 2811 754 2872 ct
772 2807 956 2872 diuitiarum
971 2806 1095 2889 potitus
1118 2805 1168 2870 fo-

192 2889 254 2971 ret,
278 2910 335 2953 sua
358 2890 523 2955 commoda
546 2893 578 2955 et
599 2892 680 2955 uitia
701 2891 882 2975 principum
904 2889 1094 2975 diligebant.
1125 2890 1171 2954 ab

260 3062 273 3110 1
293 3061 401 3112 deuicto
419 3063 452 3110 W
480 3060 491 3127 11
520 3066 535 3113 3
554 3062 686 3130 alligatus
705 3065 723 3111 0
742 3061 747 3123 1
767 3065 874 3114 animus
893 3067 941 3114 del.
962 3063 1103 3113 Acidaliae.
1133 3079 1170 3114 aa

190 3127 337 3192 1111110111
357 3131 439 3180 ctiam
457 3132 514 3180 uite
533 3144 559 3180 w
582 3129 592 3196 11
616 3130 756 3182 9011111
778 3129 789 3196 fl
815 3134 846 3182 10
864 3136 964 3182 senatu
979 3131 1003 3179 A
1027 3127 1037 3194 ΙΙ
1063 3131 1097 3180 14
1115 3135 1170 3180 aut

190 3195 249 3243 edd.
267 3193 277 3258 1
299 3199 330 3246 16
349 3199 384 3248 ab
403 3196 460 3248 ullo
478 3197 630 3262 Liuineius!
647 3194 738 3265 quam]
758 3198 831 3262 quod
847 3212 872 3248 w
889 3197 900 3263 l
922 3201 953 3248 17
971 3204 999 3248 ct
1016 3197 1171 3248 Puteanus.-

190 3275 237 3311 om.
255 3261 283 3311 1
304 3261 314 3328 l
335 3267 369 3316 20
387 3265 537 3316 remouerts
553 3267 577 3315 A
594 3269 628 3315 W
644 3265 655 3332 ΙΙ
675 3267 709 3316 24
728 3281 852 3317 curemus
870 3263 922 3330 1111
942 3267 974 3316 27
992 3265 1116 3330 imperiti
1134 3281 1171 3318 ac

189 3326 270 3376 rudes
289 3333 364 3381 edd:
382 3332 520 3398 imperitia
538 3331 606 3396 (cia
623 3334 657 3398 A)
677 3333 776 3385 crudas
794 3335 817 3382 A
834 3337 857 3383 V
873 3333 1013 3398 imperitia
1032 3332 1104 3394 (eia
1122 3333 1170 3396 W)

189 3392 271 3444 rudes
290 3397 351 3446 GW
369 3399 517 3462 imperitia,
536 3417 582 3451 0111.
601 3402 729 3462 11111013
751 3399 761 3466 ΙΙ
782 3403 815 3452 28
834 3401 998 3466 delegabant
1010 3400 1034 3448 A
1051 3398 1172 3465 delige
1280 3377 1281 3388 ³

189 3459 422 3579 dertddegpbant
440 3467 462 3513 V
485 3463 495 3531 ΙΙ
525 3469 558 3519 29
576 3483 686 3520 auorum
702 3469 726 3517 A
744 3467 833 3520 Bert:
859 3485 908 3520 suo
926 3469 947 3516 B
965 3469 981 3532 β
1000 3467 1021 3514 V
1038 3467 1072 3515 W
1097 3465 1108 3532 ΙΙ
1134 3471 1170 3518 31

190 3544 266 3579 como
288 3545 313 3580 io
