2586 3996
311 259 521 311 ruaoncsro
541 258 712 310 rustrsrc
732 260 766 309 n.
785 259 894 334 ac-rc.
1022 255 1086 320 307

120 409 270 473 bentibus
286 409 374 493 equis
395 411 428 472 et
442 407 578 472 stellatis
598 407 741 490 apicibus
761 406 906 492 insignes
921 405 1087 490 puluerem

121 493 326 578 cruoremque
348 491 568 557 Thessalicum
593 493 683 575 aquis
705 490 831 555 Tiberis
859 491 1026 555 abluentes
1055 493 1088 556 et

120 578 286 642 nuntiasse
308 576 476 642 uictoriam
499 579 532 641 et
552 576 727 660 imputasse
748 575 911 640 militiam:
944 596 1001 639 cur
1020 596 1088 640 non

120 666 195 726 tuae
221 661 431 746 publicaeque
459 660 621 726 uindictae
654 660 834 726 confessam
862 660 1002 744 aliquam
1030 660 1088 723 im·

120 747 264 810 mortalis
294 745 344 810 dei
379 765 486 809 curam
516 747 665 830 putemus
697 743 869 810 adnisam?
911 744 975 809 uisi
1003 743 1115 808 fortes

121 831 273 894 maiorem
295 830 396 894 diuini
410 829 531 894 fauoris
553 850 682 913 operam
704 851 754 894 res
770 829 917 893 Romana
934 828 1090 911 poscebat

122 913 329 979 Macedonico
345 913 492 999 augenda
507 935 609 999 regno
624 935 720 998 quarn
734 917 749 978 t
771 914 904 977 rannico
920 912 1090 978 eximenda

122 999 262 1063 seruitio.
292 1019 352 1083 ego
374 1020 460 1082 uero,
485 998 512 1063 si
534 999 669 1063 caeleste
692 936 832 1063 studium
876 1020 913 1063 ro
930 997 1090 1083 dignitate

123 1104 289 1148 causarum
312 1082 547 1148 aestimandum
562 1083 613 1166 sit,
636 1084 704 1148 iure
726 1022 875 1148 conteni)

121 1171 193 1232 tuos
216 1167 365 1252 Pegasis,
393 1167 548 1232 talaribus
569 1167 693 1252 pedites
721 1171 831 1233 uectus
859 1189 896 1232 ac
918 1188 1089 1250 suspensos
1104 1186 1129 1226 ιο

121 1252 231 1317 fuisse.
275 1274 378 1337 neque
403 1253 504 1330 enim,
534 1253 609 1334 quia
632 1273 665 1315 se
688 1251 798 1316 diuina
826 1251 1015 1316 mortalibus
1038 1251 1090 1315 dc-

123 1336 299 1420 dignantur
313 1337 417 1418 fateri,
439 1336 558 1399 idcirco
580 1356 662 1419 quac
682 1335 752 1400 uisa
772 1357 840 1399 non
859 1334 983 1400 fuerint
1000 1335 1091 1398 dubi·

122 1420 261 1484 tabimus
284 1420 381 1498 facta,
409 1440 481 1482 cum
502 1418 589 1482 facta
611 1419 775 1483 uideamus
797 1440 877 1503 quae
899 1419 1092 1484 dubitaueri-

123 1525 194 1567 mus
217 1525 286 1567 esse
307 1502 461 1567 iacienda.
757 1567 764 1578 ,
970 1531 973 1538 ·

189 1587 255 1652 XL.
288 1587 437 1673 Anguste
457 1587 624 1651 fortunam
645 1591 743 1671 tuam,
765 1587 950 1671 imperator,
975 1608 1091 1671 expen-
1105 1608 1129 1650 rs

125 1671 182 1755 dit,
206 1671 350 1756 quisquis
372 1672 404 1736 id
420 1671 457 1735 de
472 1675 505 1735 te
519 1675 646 1736 tantum
668 1669 753 1756 quod
768 1672 838 1736 fieri
852 1674 960 1755 potest
982 1671 1090 1736 credit.

124 1777 167 1820 an
190 1777 260 1840 ego,
283 1777 353 1820 eum
377 1757 418 1820 ab
433 1755 570 1840 Alpibus
586 1755 676 1821 Iuliis
698 1755 800 1820 otioso
817 1756 993 1840 feriatoque
1007 1756 1092 1820 ferro

123 1861 190 1904 non
211 1840 367 1923 proelium
387 1841 486 1905 fuisse
509 1840 644 1923 uideam,
667 1839 722 1905 sed
736 1839 945 1924 triumphum,
969 1840 1092 1904 dubita·

124 1925 226 1989 uerim
241 1925 331 1989 illam
346 1924 517 2009 specialem
533 1926 692 2009 quandam
706 1924 869 1990 felicitatis
884 1929 960 1989 tuae
975 1923 1093 1989 dixisse

125 2008 298 2074 militiam?
343 2012 460 2074 scimus
482 2009 619 2093 quidem,
642 2011 828 2094 imperator,
855 2010 900 2073 ita
921 2013 955 2073 te
978 2013 1132 2074 cunctare

124 2093 366 2159 administrasse
392 2097 519 2160 utnon
547 2095 675 2178 possint
702 2116 736 2159 se
757 2095 816 2158 tibi
838 2095 997 2178 imputare
1025 2116 1094 2159 suc-

125 2199 247 2260 cessus,
270 2179 325 2243 sed
347 2178 478 2244 fatearis
500 2199 629 2244 necesse
652 2183 701 2244 est
722 2183 877 2263 quantum
898 2183 931 2244 te
953 2180 989 2244 in
1010 2178 1095 2245 bello

125 2265 253 2325 tantum
274 2263 455 2327 Fortunam
476 2265 564 2326 tuam
592 2265 695 2348 egisse
719 2267 792 2346 post
812 2265 940 2328 bellum.
987 2265 1037 2328 cui
1067 2265 1094 2328 si

125 2365 237 2410 uocem
259 2346 369 2410 demus
392 2351 424 2410 et
445 2346 598 2425 indicem,
629 2367 737 2411 nonne
758 2347 882 2430 prolixe
905 2370 996 2412 suam
1018 2370 1094 2412 enu-

125 2429 262 2493 merabit
291 2449 419 2513 operam
449 2433 496 2511 et,
533 2432 569 2492 ut
596 2430 768 2496 uirtutibus
796 2431 860 2494 tuis
890 2432 992 2496 multa
1022 2452 1093 2496 con·
1107 2450 1134 2491 aa

126 2513 233 2594 cedat,
262 2513 323 2578 sibi
345 2513 452 2598 aliqua
473 2513 676 2579 uindicabit?
711 2518 744 2580 et
766 2537 838 2599 cur,
868 2537 1000 2600 quaeso,
1028 2537 1095 2580 non

127 2597 237 2663 demus
259 2602 296 2663 ut
317 2599 509 2682 accipiamus
537 2600 703 2684 utriusque
747 2601 825 2664 artis
853 2604 991 2685 asserta,
1023 2622 1095 2664 cum

126 2683 169 2747 sit
202 2705 281 2767 quae
314 2684 427 2748 uicerit
457 2683 544 2748 tua?
590 2685 683 2749 audio
717 2623 940 2764 dunstantiam
973 2684 1095 2748 dicere:

127 2766 258 2830 ‘bellum
295 2770 385 2831 atrox
418 2767 693 2851 periculosumque
727 2768 880 2852 suscepi';
920 2789 1097 2832 memorare

126 2848 336 2914 Patientiam:
370 2851 572 2914 ‘immensum
595 2852 656 2916 iter
672 2873 733 2934 per
752 2853 877 2934 tempus
900 2851 977 2917 anni
996 2873 1096 2937 graue
1108 2873 1135 2914 co

128 2955 254 3017 semper
276 2938 416 3017 armata,
443 2955 540 3025 saepe
561 2935 669 3000 ieiuna
690 2935 854 3021 toleraui'3
888 2940 997 3001 tenere
1019 2936 1096 3001 Pru-

867 1083 945 1148 erim
967 1083 1090 1167 equites

195 3175 210 3223 2
239 3174 407 3224 cruoremA
436 3171 446 3238 ΙΙ
475 3176 492 3224 4
517 3174 645 3225 confessa
671 3174 737 3225 mali
760 3191 842 3241 quam
864 3178 903 3237 x,
933 3192 1001 3227 corr.
1025 3190 1050 3225 w
1081 3176 1093 3243 Η

128 3245 144 3292 5
167 3241 291 3290 adnisam
313 3241 405 3293 Bera:
432 3242 555 3292 adnisam
572 3243 596 3290 A
618 3242 746 3293 adnixum
768 3250 827 3294 cett.
857 3242 867 3308 ΙΙ
896 3245 912 3292 6
936 3244 1055 3295 feruoris
1072 3247 1096 3294 A

131 3306 143 3374 ll
176 3311 207 3357 12
226 3309 471 3370 dubitauimus1‚
498 3325 568 3361 corr.
589 3323 614 3358 w
643 3307 653 3375 ss
683 3312 715 3361 15
738 3315 854 3376 auguste
872 3310 930 3360 Ac
965 3310 970 3378 Ι
1003 3313 1095 3363 asin-

127 3375 214 3425 dicem
233 3377 274 3440 ll,
297 3393 366 3428 corr.
385 3376 595 3442 Eyssenhardtua
627 3375 638 3441 ΙΙ
671 3379 704 3428 26
725 3377 883 3429 uindicauit
899 3379 923 3426 A
991 3382 1024 3431 30
1047 3396 1097 3444 per

128 3445 232 3493 addidi:
255 3460 302 3495 om.
319 3446 347 3493 Ι
375 3443 386 3510 ΙΙ
415 3447 446 3496 31
472 3459 556 3509 saepe
572 3445 596 3492 A
616 3443 705 3498 Baras
732 3459 840 3510 semper
856 3447 877 3494 B
896 3447 913 3494 0
932 3447 954 3495 V
973 3445 1029 3510 W!
1055 3453 1096 3498 te·

127 3507 327 3629 pielre]kreferre
345 3514 478 3563 Liuineius
495 3526 640 3563 recensere
658 3515 700 3562 uel
715 3513 827 3564 tendere
845 3515 980 3573 Acidaliae
997 3515 1096 3564 iterare

169 3594 202 3643 op
221 3581 306 3630 enaim

890 3667 942 3717 20·
