<?xml version="1.0" encoding="UTF-8"?>
<!DOCTYPE html PUBLIC "-//W3C//DTD XHTML 1.0 Transitional//EN"
    "http://www.w3.org/TR/xhtml1/DTD/xhtml1-transitional.dtd">
<html xmlns="http://www.w3.org/1999/xhtml" xml:lang="en" lang="en">
 <head>
  <title>
</title>
<meta http-equiv="Content-Type" content="text/html;charset=utf-8" />
  <meta name='ocr-system' content='tesseract 3.04.00' />
  <meta name='ocr-capabilities' content='ocr_page ocr_carea ocr_par ocr_line ocrx_word'/>
</head>
<body>
  <div class='ocr_page' id='page_1' title='image "./xiipanegyricila02baehgoog_0121.png"; bbox 0 0 2582 3992; ppageno 0'>
   <div class='ocr_carea' id='block_1_1' title="bbox 370 223 1093 291">
    <p class='ocr_par' dir='ltr' id='par_1_1' title="bbox 370 223 1093 291">
     <span class='ocr_line' id='line_1_1' title="bbox 370 223 1093 291; baseline 0.006 -17"><span class='ocrx_word' id='word_1_1' title='bbox 370 223 530 276; x_wconf 74' lang='lat' dir='ltr'><strong>menso</strong></span> <span class='ocrx_word' id='word_1_2' title='bbox 549 225 584 276; x_wconf 86' lang='lat' dir='ltr'><strong>n.</strong></span> <span class='ocrx_word' id='word_1_3' title='bbox 620 228 729 278; x_wconf 81' lang='lat' dir='ltr'><strong>es-es.</strong></span> <span class='ocrx_word' id='word_1_4' title='bbox 766 227 842 278; x_wconf 89' lang='lat'>11.1.</span> <span class='ocrx_word' id='word_1_5' title='bbox 1051 225 1093 291; x_wconf 80' lang='lat'><strong>89</strong></span> 
     </span>
    </p>
   </div>
   <div class='ocr_carea' id='block_1_2' title="bbox 120 373 1134 882">
    <p class='ocr_par' dir='ltr' id='par_1_2' title="bbox 120 373 1134 882">
     <span class='ocr_line' id='line_1_2' title="bbox 121 373 1093 461; baseline 0.004 -23"><span class='ocrx_word' id='word_1_6' title='bbox 121 377 157 438; x_wconf 87' lang='lat' dir='ltr'><strong>et</strong></span> <span class='ocrx_word' id='word_1_7' title='bbox 177 375 345 459; x_wconf 83' lang='lat' dir='ltr'><strong>pauentes,</strong></span> <span class='ocrx_word' id='word_1_8' title='bbox 367 373 460 438; x_wconf 89' lang='lat' dir='ltr'><strong>bonis</strong></span> <span class='ocrx_word' id='word_1_9' title='bbox 475 373 559 439; x_wconf 85' lang='lat' dir='ltr'><strong>inter</strong></span> <span class='ocrx_word' id='word_1_10' title='bbox 574 395 702 440; x_wconf 88' lang='lat' dir='ltr'><strong>securos</strong></span> <span class='ocrx_word' id='word_1_11' title='bbox 722 375 961 461; x_wconf 73' lang='lat' dir='ltr'><strong>gaudentesque</strong></span> <span class='ocrx_word' id='word_1_12' title='bbox 982 399 1093 442; x_wconf 88' lang='lat' dir='ltr'><strong>nume·</strong></span> 
     </span>
     <span class='ocr_line' id='line_1_3' title="bbox 121 457 1092 547; baseline 0.004 -24"><span class='ocrx_word' id='word_1_13' title='bbox 121 479 191 544; x_wconf 81' lang='lat' dir='ltr'><strong>ror3</strong></span> <span class='ocrx_word' id='word_1_14' title='bbox 215 459 243 522; x_wconf 90' lang='lat' dir='ltr'><strong>si</strong></span> <span class='ocrx_word' id='word_1_15' title='bbox 264 457 400 543; x_wconf 90' lang='lat' dir='ltr'><strong>denique</strong></span> <span class='ocrx_word' id='word_1_16' title='bbox 423 459 458 523; x_wconf 94' lang='lat' dir='ltr'><strong>in</strong></span> <span class='ocrx_word' id='word_1_17' title='bbox 479 462 608 524; x_wconf 81' lang='lat' dir='ltr'><strong>tentum</strong></span> <span class='ocrx_word' id='word_1_18' title='bbox 629 459 728 546; x_wconf 85' lang='lat' dir='ltr'><strong>diligo</strong></span> <span class='ocrx_word' id='word_1_19' title='bbox 743 461 899 546; x_wconf 89' lang='lat' dir='ltr'><strong>optimum</strong></span> <span class='ocrx_word' id='word_1_20' title='bbox 913 461 1092 547; x_wconf 88' lang='lat' dir='ltr'><strong>principem</strong></span> 
     </span>
     <span class='ocr_line' id='line_1_4' title="bbox 120 544 1093 632; baseline 0.004 -24"><span class='ocrx_word' id='word_1_21' title='bbox 120 545 157 608; x_wconf 92' lang='lat' dir='ltr'><strong>in</strong></span> <span class='ocrx_word' id='word_1_22' title='bbox 190 545 347 628; x_wconf 84' lang='lat' dir='ltr'><strong>quantum</strong></span> <span class='ocrx_word' id='word_1_23' title='bbox 381 544 506 608; x_wconf 88' lang='lat' dir='ltr'><strong>inuisus</strong></span> <span class='ocrx_word' id='word_1_24' title='bbox 538 545 677 629; x_wconf 89' lang='lat' dir='ltr'><strong>pessimo</strong></span> <span class='ocrx_word' id='word_1_25' title='bbox 711 545 769 610; x_wconf 83' lang='lat' dir='ltr'><strong>fui.</strong></span> <span class='ocrx_word' id='word_1_26' title='bbox 806 566 866 632; x_wconf 84' lang='lat' dir='ltr'><strong>ego</strong></span> <span class='ocrx_word' id='word_1_27' title='bbox 894 547 1093 612; x_wconf 75' lang='lat' dir='ltr'><strong>reuerentiae</strong></span> 
     </span>
     <span class='ocr_line' id='line_1_5' title="bbox 122 628 1093 714; baseline 0.004 -22"><span class='ocrx_word' id='word_1_28' title='bbox 122 631 250 694; x_wconf 80' lang='lat' dir='ltr'><strong>nestrae</strong></span> <span class='ocrx_word' id='word_1_29' title='bbox 272 628 319 693; x_wconf 90' lang='lat' dir='ltr'><strong>sic</strong></span> <span class='ocrx_word' id='word_1_30' title='bbox 340 649 467 714; x_wconf 86' lang='lat' dir='ltr'><strong>semper</strong></span> <span class='ocrx_word' id='word_1_31' title='bbox 494 629 682 714; x_wconf 67' lang='lat' dir='ltr'><strong>insumam,</strong></span> <span class='ocrx_word' id='word_1_32' title='bbox 709 652 777 695; x_wconf 94' lang='lat' dir='ltr'><strong>non</strong></span> <span class='ocrx_word' id='word_1_33' title='bbox 798 634 834 695; x_wconf 90' lang='lat' dir='ltr'><strong>ut</strong></span> <span class='ocrx_word' id='word_1_34' title='bbox 855 652 906 696; x_wconf 91' lang='lat' dir='ltr'><strong>me</strong></span> <span class='ocrx_word' id='word_1_35' title='bbox 929 631 1093 697; x_wconf 88' lang='lat' dir='ltr'><strong>consulem</strong></span> 
     </span>
     <span class='ocr_line' id='line_1_6' title="bbox 123 713 1134 800; baseline -0.002 -22"><span class='ocrx_word' id='word_1_36' title='bbox 123 716 156 778; x_wconf 86' lang='lat' dir='ltr'><strong>et</strong></span> <span class='ocrx_word' id='word_1_37' title='bbox 181 733 257 778; x_wconf 85' lang='lat' dir='ltr'><strong>mox</strong></span> <span class='ocrx_word' id='word_1_38' title='bbox 285 713 502 800; x_wconf 85' lang='lat' dir='ltr'><strong>consulerem,</strong></span> <span class='ocrx_word' id='word_1_39' title='bbox 532 715 587 779; x_wconf 89' lang='lat' dir='ltr'><strong>sed</strong></span> <span class='ocrx_word' id='word_1_40' title='bbox 612 719 649 778; x_wconf 81' lang='lat' dir='ltr'><strong>ut</strong></span> <span class='ocrx_word' id='word_1_41' title='bbox 676 714 881 780; x_wconf 79' lang='lat' dir='ltr'><strong>candidatum</strong></span> <span class='ocrx_word' id='word_1_42' title='bbox 909 715 1091 782; x_wconf 84' lang='lat' dir='ltr'><strong>consulatus</strong></span> <span class='ocrx_word' id='word_1_43' title='bbox 1118 733 1134 775; x_wconf 78' lang='lat' dir='ltr'><strong>s</strong></span> 
     </span>
     <span class='ocr_line' id='line_1_7' title="bbox 122 801 243 882; baseline 0 -20"><span class='ocrx_word' id='word_1_44' title='bbox 122 801 243 882; x_wconf 89' lang='lat' dir='ltr'><strong>putem.</strong></span> 
     </span>
    </p>
   </div>
   <div class='ocr_carea' id='block_1_3' title="bbox 507 1006 708 1016">
    <p class='ocr_par' dir='ltr' id='par_1_3' title="bbox 507 1006 708 1016">
     <span class='ocr_line' id='line_1_8' title="bbox 507 1006 708 1016; baseline 0.005 -1"><span class='ocrx_word' id='word_1_45' title='bbox 507 1006 708 1016; x_wconf 68' lang='lat'><strong>——-----«</strong></span> 
     </span>
    </p>
   </div>
   <div class='ocr_carea' id='block_1_4' title="bbox 208 1257 1004 1552">
    <p class='ocr_par' dir='ltr' id='par_1_4' title="bbox 208 1168 1004 1552">
     <span class='ocr_line' id='line_1_9' title="bbox 315 1257 900 1336; baseline 0.01 -6"><span class='ocrx_word' id='word_1_46' title='bbox 315 1257 362 1332; x_wconf 89' lang='lat' dir='ltr'><strong>n.</strong></span> <span class='ocrx_word' id='word_1_47' title='bbox 403 1257 598 1334; x_wconf 77' lang='lat' dir='ltr'><strong>sunnon</strong></span> <span class='ocrx_word' id='word_1_48' title='bbox 622 1261 900 1336; x_wconf 78' lang='lat' dir='ltr'><strong>munerun</strong></span> 
     </span>
     <span class='ocr_line' id='line_1_10' title="bbox 208 1442 1004 1552; baseline 0.009 -7"><span class='ocrx_word' id='word_1_49' title='bbox 208 1442 1004 1552; x_wconf 72' lang='lat' dir='ltr'>PANEGYRIOUS</span> 
     </span>
    </p>
   </div>
   <div class='ocr_carea' id='block_1_5' title="bbox 270 1659 947 1730">
    <p class='ocr_par' dir='ltr' id='par_1_5' title="bbox 270 1659 947 1730">
     <span class='ocr_line' id='line_1_11' title="bbox 270 1659 947 1730; baseline 0.009 -6"><span class='ocrx_word' id='word_1_50' title='bbox 270 1659 529 1728; x_wconf 87' lang='lat' dir='ltr'>MAXIMIANO</span> <span class='ocrx_word' id='word_1_51' title='bbox 553 1661 757 1729; x_wconf 83' lang='lat' dir='ltr'>AUGUSTO</span> <span class='ocrx_word' id='word_1_52' title='bbox 779 1662 947 1730; x_wconf 81' lang='lat' dir='ltr'><strong>DICTUS.</strong></span> 
     </span>
    </p>
   </div>
   <div class='ocr_carea' id='block_1_6' title="bbox 122 1911 1137 3100">
    <p class='ocr_par' dir='ltr' id='par_1_6' title="bbox 122 1911 1137 3100">
     <span class='ocr_line' id='line_1_12' title="bbox 181 1911 1136 2002; baseline 0.005 -25"><span class='ocrx_word' id='word_1_53' title='bbox 181 1912 210 1976; x_wconf 92' lang='grc' dir='ltr'><strong>Ι.</strong></span> <span class='ocrx_word' id='word_1_54' title='bbox 235 1911 317 1979; x_wconf 81' lang='lat' dir='ltr'><strong>(lum</strong></span> <span class='ocrx_word' id='word_1_55' title='bbox 338 1915 485 1980; x_wconf 88' lang='lat' dir='ltr'><strong>omnibus</strong></span> <span class='ocrx_word' id='word_1_56' title='bbox 506 1915 598 1981; x_wconf 83' lang='lat' dir='ltr'><strong>iestis</strong></span> <span class='ocrx_word' id='word_1_57' title='bbox 615 1917 736 2000; x_wconf 65' lang='lat' dir='ltr'><strong>diebus</strong></span> <span class='ocrx_word' id='word_1_58' title='bbox 760 1915 974 1982; x_wconf 83' lang='lat' dir='ltr'><strong>secretissime</strong></span> <span class='ocrx_word' id='word_1_59' title='bbox 996 1916 1136 2002; x_wconf 79' lang='lat' dir='ltr'><strong>impe-10</strong></span> 
     </span>
     <span class='ocr_line' id='line_1_13' title="bbox 122 1997 1095 2087; baseline 0.007 -26"><span class='ocrx_word' id='word_1_60' title='bbox 122 1999 224 2082; x_wconf 86' lang='lat' dir='ltr'><strong>rator,</strong></span> <span class='ocrx_word' id='word_1_61' title='bbox 248 1997 364 2064; x_wconf 80' lang='lat' dir='ltr'><strong>debeat</strong></span> <span class='ocrx_word' id='word_1_62' title='bbox 383 1998 485 2066; x_wconf 90' lang='lat' dir='ltr'><strong>honos</strong></span> <span class='ocrx_word' id='word_1_63' title='bbox 504 2005 611 2067; x_wconf 89' lang='lat' dir='ltr'><strong>uester</strong></span> <span class='ocrx_word' id='word_1_64' title='bbox 626 2001 745 2066; x_wconf 89' lang='lat' dir='ltr'><strong>diuinis</strong></span> <span class='ocrx_word' id='word_1_65' title='bbox 759 2001 854 2066; x_wconf 90' lang='lat' dir='ltr'><strong>rebus</strong></span> <span class='ocrx_word' id='word_1_66' title='bbox 870 2001 1009 2087; x_wconf 83' lang='lat' dir='ltr'><strong>aequari,</strong></span> <span class='ocrx_word' id='word_1_67' title='bbox 1024 2005 1095 2068; x_wconf 90' lang='lat' dir='ltr'><strong>tum</strong></span> 
     </span>
     <span class='ocr_line' id='line_1_14' title="bbox 124 2082 1095 2172; baseline 0.006 -27"><span class='ocrx_word' id='word_1_68' title='bbox 124 2082 296 2168; x_wconf 79' lang='lat' dir='ltr'><strong>praecipue</strong></span> <span class='ocrx_word' id='word_1_69' title='bbox 314 2083 520 2151; x_wconf 85' lang='lat' dir='ltr'><strong>celeberrimo</strong></span> <span class='ocrx_word' id='word_1_70' title='bbox 540 2086 603 2152; x_wconf 89' lang='lat' dir='ltr'><strong>isto</strong></span> <span class='ocrx_word' id='word_1_71' title='bbox 625 2090 657 2152; x_wconf 88' lang='lat' dir='ltr'><strong>et</strong></span> <span class='ocrx_word' id='word_1_72' title='bbox 676 2086 910 2172; x_wconf 76' lang='lat' dir='ltr'><strong>imperantibus</strong></span> <span class='ocrx_word' id='word_1_73' title='bbox 925 2087 1016 2153; x_wconf 87' lang='lat' dir='ltr'><strong>uobis</strong></span> <span class='ocrx_word' id='word_1_74' title='bbox 1032 2085 1095 2152; x_wconf 84' lang='lat' dir='ltr'><strong>lee-</strong></span> 
     </span>
     <span class='ocr_line' id='line_1_15' title="bbox 123 2166 1095 2237; baseline 0.006 -7"><span class='ocrx_word' id='word_1_75' title='bbox 123 2166 251 2232; x_wconf 87' lang='lat' dir='ltr'><strong>tissimo</strong></span> <span class='ocrx_word' id='word_1_76' title='bbox 268 2167 319 2232; x_wconf 92' lang='lat' dir='ltr'><strong>die</strong></span> <span class='ocrx_word' id='word_1_77' title='bbox 333 2170 500 2236; x_wconf 85' lang='lat' dir='ltr'><strong>ueneratio</strong></span> <span class='ocrx_word' id='word_1_78' title='bbox 514 2171 656 2237; x_wconf 87' lang='lat' dir='ltr'><strong>numinis</strong></span> <span class='ocrx_word' id='word_1_79' title='bbox 670 2173 720 2236; x_wconf 87' lang='lat' dir='ltr'><strong>tui</strong></span> <span class='ocrx_word' id='word_1_80' title='bbox 736 2194 808 2237; x_wconf 88' lang='lat' dir='ltr'><strong>cum</strong></span> <span class='ocrx_word' id='word_1_81' title='bbox 823 2171 969 2237; x_wconf 87' lang='lat' dir='ltr'><strong>sollemni</strong></span> <span class='ocrx_word' id='word_1_82' title='bbox 985 2193 1095 2237; x_wconf 86' lang='lat' dir='ltr'><strong>sacrae</strong></span> 
     </span>
     <span class='ocr_line' id='line_1_16' title="bbox 124 2251 1095 2354; baseline 0.005 -38"><span class='ocrx_word' id='word_1_83' title='bbox 124 2251 214 2316; x_wconf 87' lang='lat' dir='ltr'><strong>urbis</strong></span> <span class='ocrx_word' id='word_1_84' title='bbox 236 2253 296 2317; x_wconf 87' lang='lat' dir='ltr'><strong>reli</strong></span> <span class='ocrx_word' id='word_1_85' title='bbox 324 2253 394 2319; x_wconf 82' lang='lat' dir='ltr'><strong>‘one</strong></span> <span class='ocrx_word' id='word_1_86' title='bbox 415 2255 579 2354; x_wconf 76' lang='lat' dir='ltr'><strong>iungenda</strong></span> <span class='ocrx_word' id='word_1_87' title='bbox 602 2259 660 2321; x_wconf 88' lang='lat' dir='ltr'><strong>est.</strong></span> <span class='ocrx_word' id='word_1_88' title='bbox 693 2279 805 2321; x_wconf 91' lang='lat' dir='ltr'><strong>uerum</strong></span> <span class='ocrx_word' id='word_1_89' title='bbox 832 2259 881 2322; x_wconf 90' lang='lat' dir='ltr'><strong>est</strong></span> <span class='ocrx_word' id='word_1_90' title='bbox 909 2256 995 2322; x_wconf 91' lang='lat' dir='ltr'><strong>enim</strong></span> <span class='ocrx_word' id='word_1_91' title='bbox 1023 2277 1095 2341; x_wconf 88' lang='lat' dir='ltr'><strong>pro-</strong></span> 
     </span>
     <span class='ocr_line' id='line_1_17' title="bbox 123 2335 1136 2488; baseline 0.006 -88"><span class='ocrx_word' id='word_1_92' title='bbox 123 2335 212 2402; x_wconf 83' lang='lat' dir='ltr'><strong>iecto</strong></span> <span class='ocrx_word' id='word_1_93' title='bbox 235 2358 298 2434; x_wconf 87' lang='lat' dir='ltr'><strong>quo</strong></span> <span class='ocrx_word' id='word_1_94' title='bbox 343 2337 382 2404; x_wconf 89' lang='lat' dir='ltr'><strong>de</strong></span> <span class='ocrx_word' id='word_1_95' title='bbox 404 2339 530 2426; x_wconf 75' lang='lat' dir='ltr'><strong>origine</strong></span> <span class='ocrx_word' id='word_1_96' title='bbox 544 2340 630 2406; x_wconf 90' lang='lat' dir='ltr'><strong>illius</strong></span> <span class='ocrx_word' id='word_1_97' title='bbox 652 2341 793 2405; x_wconf 84' lang='lat' dir='ltr'><strong>ciuitatis</strong></span> <span class='ocrx_word' id='word_1_98' title='bbox 815 2342 1017 2426; x_wconf 73' lang='lat' dir='ltr'><strong>accepimus‚&#39;</strong></span> <span class='ocrx_word' id='word_1_99' title='bbox 1027 2343 1093 2488; x_wconf 69' lang='lat' dir='ltr'><strong>pri·</strong></span> <span class='ocrx_word' id='word_1_100' title='bbox 1108 2360 1136 2400; x_wconf 72' lang='lat'><strong>1⁵</strong></span> 
     </span>
     <span class='ocr_line' id='line_1_18' title="bbox 127 2425 1095 2510; baseline 0.006 -26"><span class='ocrx_word' id='word_1_101' title='bbox 127 2441 214 2484; x_wconf 88' lang='lat' dir='ltr'><strong>mem</strong></span> <span class='ocrx_word' id='word_1_102' title='bbox 247 2444 282 2486; x_wconf 85' lang='lat' dir='ltr'><strong>rn</strong></span> <span class='ocrx_word' id='word_1_103' title='bbox 310 2445 348 2487; x_wconf 85' lang='lat' dir='ltr'><strong>ee</strong></span> <span class='ocrx_word' id='word_1_104' title='bbox 380 2425 487 2489; x_wconf 88' lang='lat' dir='ltr'><strong>sedem</strong></span> <span class='ocrx_word' id='word_1_105' title='bbox 520 2425 662 2490; x_wconf 89' lang='lat' dir='ltr'><strong>numinis</strong></span> <span class='ocrx_word' id='word_1_106' title='bbox 694 2426 810 2510; x_wconf 83' lang='lat' dir='ltr'><strong>uestri,</strong></span> <span class='ocrx_word' id='word_1_107' title='bbox 843 2429 989 2491; x_wconf 78' lang='lat' dir='ltr'><strong>sanctum</strong></span> <span class='ocrx_word' id='word_1_108' title='bbox 1015 2425 1095 2490; x_wconf 92' lang='lat' dir='ltr'><strong>iud</strong></span> 
     </span>
     <span class='ocr_line' id='line_1_19' title="bbox 125 2507 1093 2608; baseline 0.005 -39"><span class='ocrx_word' id='word_1_109' title='bbox 125 2507 409 2593; x_wconf 84' lang='lat' dir='ltr'><strong>uenerandumque</strong></span> <span class='ocrx_word' id='word_1_110' title='bbox 423 2508 591 2596; x_wconf 82' lang='lat' dir='ltr'><strong>palatium,</strong></span> <span class='ocrx_word' id='word_1_111' title='bbox 606 2531 715 2608; x_wconf 77' lang='lat' dir='ltr'><strong>regem</strong></span> <span class='ocrx_word' id='word_1_112' title='bbox 730 2509 888 2576; x_wconf 80' lang='lat' dir='ltr'><strong>aduenam</strong></span> <span class='ocrx_word' id='word_1_113' title='bbox 903 2509 1093 2594; x_wconf 81' lang='lat' dir='ltr'><strong>condidisse,</strong></span> 
     </span>
     <span class='ocr_line' id='line_1_20' title="bbox 125 2589 1094 2680; baseline 0.006 -26"><span class='ocrx_word' id='word_1_114' title='bbox 125 2589 183 2655; x_wconf 91' lang='lat' dir='ltr'><strong>sed</strong></span> <span class='ocrx_word' id='word_1_115' title='bbox 209 2589 339 2657; x_wconf 85' lang='lat' dir='ltr'><strong>heroem</strong></span> <span class='ocrx_word' id='word_1_116' title='bbox 366 2593 525 2678; x_wconf 78' lang='lat' dir='ltr'><strong>hospitem</strong></span> <span class='ocrx_word' id='word_1_117' title='bbox 554 2595 767 2661; x_wconf 82' lang='lat' dir='ltr'><strong>conshtuisse.</strong></span> <span class='ocrx_word' id='word_1_118' title='bbox 801 2617 904 2680; x_wconf 91' lang='lat' dir='ltr'><strong>neque</strong></span> <span class='ocrx_word' id='word_1_119' title='bbox 932 2595 1018 2660; x_wconf 89' lang='lat' dir='ltr'><strong>enim</strong></span> <span class='ocrx_word' id='word_1_120' title='bbox 1046 2594 1094 2660; x_wconf 81' lang='lat' dir='ltr'><strong>fs·</strong></span> 
     </span>
     <span class='ocr_line' id='line_1_21' title="bbox 125 2674 1095 2766; baseline 0.006 -28"><span class='ocrx_word' id='word_1_121' title='bbox 125 2674 204 2740; x_wconf 86' lang='lat' dir='ltr'><strong>bule</strong></span> <span class='ocrx_word' id='word_1_122' title='bbox 226 2679 276 2742; x_wconf 89' lang='lat' dir='ltr'><strong>est</strong></span> <span class='ocrx_word' id='word_1_123' title='bbox 297 2677 336 2742; x_wconf 90' lang='lat' dir='ltr'><strong>de</strong></span> <span class='ocrx_word' id='word_1_124' title='bbox 359 2677 490 2744; x_wconf 81' lang='lat' dir='ltr'><strong>licentia</strong></span> <span class='ocrx_word' id='word_1_125' title='bbox 517 2683 685 2764; x_wconf 86' lang='lat' dir='ltr'><strong>poetarum</strong></span> <span class='ocrx_word' id='word_1_126' title='bbox 712 2701 773 2746; x_wconf 87' lang='lat' dir='ltr'><strong>nec</strong></span> <span class='ocrx_word' id='word_1_127' title='bbox 801 2679 911 2766; x_wconf 89' lang='lat' dir='ltr'><strong>opinio</strong></span> <span class='ocrx_word' id='word_1_128' title='bbox 941 2680 980 2745; x_wconf 91' lang='lat' dir='ltr'><strong>de</strong></span> <span class='ocrx_word' id='word_1_129' title='bbox 1008 2680 1095 2744; x_wconf 84' lang='lat' dir='ltr'><strong>ferne</strong></span> 
     </span>
     <span class='ocr_line' id='line_1_22' title="bbox 124 2762 1137 2848; baseline 0.002 -25"><span class='ocrx_word' id='word_1_130' title='bbox 124 2762 273 2825; x_wconf 83' lang='lat' dir='ltr'><strong>ueterum</strong></span> <span class='ocrx_word' id='word_1_131' title='bbox 301 2763 511 2845; x_wconf 81' lang='lat' dir='ltr'><strong>saeculorum,</strong></span> <span class='ocrx_word' id='word_1_132' title='bbox 541 2764 596 2829; x_wconf 87' lang='lat' dir='ltr'><strong>sed</strong></span> <span class='ocrx_word' id='word_1_133' title='bbox 622 2765 796 2830; x_wconf 86' lang='lat' dir='ltr'><strong>manifeste</strong></span> <span class='ocrx_word' id='word_1_134' title='bbox 822 2786 871 2830; x_wconf 88' lang='lat' dir='ltr'><strong>res</strong></span> <span class='ocrx_word' id='word_1_135' title='bbox 895 2767 928 2829; x_wconf 87' lang='lat' dir='ltr'><strong>et</strong></span> <span class='ocrx_word' id='word_1_136' title='bbox 949 2764 1094 2848; x_wconf 83' lang='lat' dir='ltr'><strong>probata,</strong></span> <span class='ocrx_word' id='word_1_137' title='bbox 1108 2784 1137 2824; x_wconf 82' lang='lat' dir='ltr'><strong>so</strong></span> 
     </span>
     <span class='ocr_line' id='line_1_23' title="bbox 125 2845 1094 2932; baseline 0.002 -23"><span class='ocrx_word' id='word_1_138' title='bbox 125 2845 211 2910; x_wconf 88' lang='lat' dir='ltr'><strong>sicut</strong></span> <span class='ocrx_word' id='word_1_139' title='bbox 231 2845 387 2932; x_wconf 87' lang='lat' dir='ltr'><strong>hodieque</strong></span> <span class='ocrx_word' id='word_1_140' title='bbox 406 2851 544 2913; x_wconf 85' lang='lat' dir='ltr'><strong>testatur</strong></span> <span class='ocrx_word' id='word_1_141' title='bbox 558 2847 708 2914; x_wconf 87' lang='lat' dir='ltr'><strong>Herculis</strong></span> <span class='ocrx_word' id='word_1_142' title='bbox 730 2870 785 2914; x_wconf 84' lang='lat' dir='ltr'><strong>are</strong></span> <span class='ocrx_word' id='word_1_143' title='bbox 805 2849 946 2914; x_wconf 82' lang='lat' dir='ltr'><strong>maxima</strong></span> <span class='ocrx_word' id='word_1_144' title='bbox 966 2852 999 2912; x_wconf 88' lang='lat' dir='ltr'><strong>et</strong></span> <span class='ocrx_word' id='word_1_145' title='bbox 1013 2846 1094 2912; x_wconf 88' lang='lat' dir='ltr'><strong>Her·</strong></span> 
     </span>
     <span class='ocr_line' id='line_1_24' title="bbox 127 2929 1094 3018; baseline 0.003 -24"><span class='ocrx_word' id='word_1_146' title='bbox 127 2929 211 2994; x_wconf 89' lang='lat' dir='ltr'><strong>culei</strong></span> <span class='ocrx_word' id='word_1_147' title='bbox 234 2932 317 2996; x_wconf 83' lang='lat' dir='ltr'><strong>seori</strong></span> <span class='ocrx_word' id='word_1_148' title='bbox 348 2937 453 2997; x_wconf 89' lang='lat' dir='ltr'><strong>custos</strong></span> <span class='ocrx_word' id='word_1_149' title='bbox 481 2932 604 2997; x_wconf 85' lang='lat' dir='ltr'><strong>familie</strong></span> <span class='ocrx_word' id='word_1_150' title='bbox 626 2933 767 3017; x_wconf 79' lang='lat' dir='ltr'><strong>Pinaria,</strong></span> <span class='ocrx_word' id='word_1_151' title='bbox 796 2934 976 3018; x_wconf 88' lang='lat' dir='ltr'><strong>principem</strong></span> <span class='ocrx_word' id='word_1_152' title='bbox 1002 2931 1094 2997; x_wconf 88' lang='lat' dir='ltr'><strong>illum</strong></span> 
     </span>
     <span class='ocr_line' id='line_1_25' title="bbox 125 3015 1093 3100; baseline 0.003 -22"><span class='ocrx_word' id='word_1_153' title='bbox 125 3015 174 3078; x_wconf 86' lang='lat' dir='ltr'><strong>tui</strong></span> <span class='ocrx_word' id='word_1_154' title='bbox 196 3016 325 3100; x_wconf 86' lang='lat' dir='ltr'><strong>generis</strong></span> <span class='ocrx_word' id='word_1_155' title='bbox 348 3039 386 3082; x_wconf 84' lang='lat' dir='ltr'><strong>ao</strong></span> <span class='ocrx_word' id='word_1_156' title='bbox 408 3017 550 3082; x_wconf 91' lang='lat' dir='ltr'><strong>nominis</strong></span> <span class='ocrx_word' id='word_1_157' title='bbox 576 3017 743 3082; x_wconf 83' lang='lat' dir='ltr'><strong>Pallantea</strong></span> <span class='ocrx_word' id='word_1_158' title='bbox 768 3017 895 3082; x_wconf 82' lang='lat' dir='ltr'><strong>moenie</strong></span> <span class='ocrx_word' id='word_1_159' title='bbox 921 3016 1025 3081; x_wconf 82' lang='lat' dir='ltr'><strong>edisse</strong></span> <span class='ocrx_word' id='word_1_160' title='bbox 1047 3017 1093 3081; x_wconf 91' lang='lat' dir='ltr'><strong>ui·</strong></span> 
     </span>
    </p>
   </div>
   <div class='ocr_carea' id='block_1_7' title="bbox 124 3221 1096 3627">
    <p class='ocr_par' dir='ltr' id='par_1_7' title="bbox 124 3221 1096 3627">
     <span class='ocr_line' id='line_1_26' title="bbox 194 3221 1094 3290; baseline 0.004 -19"><span class='ocrx_word' id='word_1_161' title='bbox 194 3223 260 3271; x_wconf 72' lang='lat' dir='ltr'><strong>Ant</strong></span> <span class='ocrx_word' id='word_1_162' title='bbox 283 3237 339 3273; x_wconf 90' lang='lat' dir='ltr'><strong>non</strong></span> <span class='ocrx_word' id='word_1_163' title='bbox 361 3223 378 3271; x_wconf 78' lang='lat'><strong>0</strong></span> <span class='ocrx_word' id='word_1_164' title='bbox 407 3221 417 3288; x_wconf 84' lang='grc' dir='ltr'><strong>ΙΙ</strong></span> <span class='ocrx_word' id='word_1_165' title='bbox 446 3225 476 3273; x_wconf 89' lang='grc'><strong>11</strong></span> <span class='ocrx_word' id='word_1_166' title='bbox 502 3223 604 3274; x_wconf 83' lang='lat' dir='ltr'><strong>debent</strong></span> <span class='ocrx_word' id='word_1_167' title='bbox 628 3223 701 3275; x_wconf 77' lang='lat' dir='ltr'><strong>Bere.</strong></span> <span class='ocrx_word' id='word_1_168' title='bbox 725 3222 735 3290; x_wconf 88' lang='grc' dir='ltr'><strong>ΙΙ</strong></span> <span class='ocrx_word' id='word_1_169' title='bbox 761 3226 793 3275; x_wconf 79' lang='lat'><strong>14</strong></span> <span class='ocrx_word' id='word_1_170' title='bbox 810 3223 947 3290; x_wconf 82' lang='lat' dir='ltr'><strong>religione</strong></span> <span class='ocrx_word' id='word_1_171' title='bbox 966 3224 1010 3272; x_wconf 79' lang='lat' dir='ltr'><strong>W:</strong></span> <span class='ocrx_word' id='word_1_172' title='bbox 1028 3224 1094 3275; x_wconf 89' lang='lat' dir='ltr'><strong>reli-</strong></span> 
     </span>
     <span class='ocr_line' id='line_1_27' title="bbox 126 3288 1095 3358; baseline 0.005 -21"><span class='ocrx_word' id='word_1_173' title='bbox 126 3288 205 3352; x_wconf 81' lang='lat' dir='ltr'><strong>gioni</strong></span> <span class='ocrx_word' id='word_1_174' title='bbox 225 3289 312 3338; x_wconf 70' lang='grc' dir='ltr'><strong>ΔΗ</strong></span> <span class='ocrx_word' id='word_1_175' title='bbox 328 3289 505 3356; x_wconf 79' lang='lat' dir='ltr'><strong>religionisB</strong></span> <span class='ocrx_word' id='word_1_176' title='bbox 529 3289 539 3357; x_wconf 83' lang='grc' dir='ltr'><strong>ΙΙ</strong></span> <span class='ocrx_word' id='word_1_177' title='bbox 565 3293 596 3342; x_wconf 89' lang='grc'><strong>16</strong></span> <span class='ocrx_word' id='word_1_178' title='bbox 614 3292 643 3340; x_wconf 90' lang='lat' dir='ltr'><strong>in</strong></span> <span class='ocrx_word' id='word_1_179' title='bbox 662 3307 694 3342; x_wconf 87' lang='lat' dir='ltr'><strong>eo</strong></span> <span class='ocrx_word' id='word_1_180' title='bbox 714 3292 746 3340; x_wconf 79' lang='lat' dir='ltr'>W</span> <span class='ocrx_word' id='word_1_181' title='bbox 768 3289 779 3358; x_wconf 74' lang='lat' dir='ltr'><strong>l</strong></span> <span class='ocrx_word' id='word_1_182' title='bbox 803 3293 836 3343; x_wconf 84' lang='grc'><strong>18</strong></span> <span class='ocrx_word' id='word_1_183' title='bbox 854 3291 903 3342; x_wconf 89' lang='lat' dir='ltr'><strong>sed</strong></span> <span class='ocrx_word' id='word_1_184' title='bbox 920 3291 1031 3342; x_wconf 88' lang='lat' dir='ltr'><strong>heroem</strong></span> <span class='ocrx_word' id='word_1_185' title='bbox 1047 3291 1095 3342; x_wconf 92' lang='lat' dir='ltr'><strong>ho-</strong></span> 
     </span>
     <span class='ocr_line' id='line_1_28' title="bbox 126 3357 1096 3425; baseline 0.002 -20"><span class='ocrx_word' id='word_1_186' title='bbox 126 3357 229 3422; x_wconf 85' lang='lat' dir='ltr'><strong>spitem</strong></span> <span class='ocrx_word' id='word_1_187' title='bbox 241 3358 422 3410; x_wconf 83' lang='lat' dir='ltr'><strong>constituisse</strong></span> <span class='ocrx_word' id='word_1_188' title='bbox 438 3361 546 3422; x_wconf 71' lang='lat' dir='ltr'><strong>scripsi:</strong></span> <span class='ocrx_word' id='word_1_189' title='bbox 564 3359 614 3410; x_wconf 91' lang='lat' dir='ltr'><strong>sed</strong></span> <span class='ocrx_word' id='word_1_190' title='bbox 625 3359 765 3410; x_wconf 75' lang='lat' dir='ltr'><strong>herculem</strong></span> <span class='ocrx_word' id='word_1_191' title='bbox 777 3360 887 3425; x_wconf 87' lang='lat' dir='ltr'><strong>hospite</strong></span> <span class='ocrx_word' id='word_1_192' title='bbox 904 3357 1052 3424; x_wconf 82' lang='lat' dir='ltr'><strong>(hospitem</strong></span> <span class='ocrx_word' id='word_1_193' title='bbox 1061 3361 1096 3407; x_wconf 81' lang='lat' dir='ltr'><strong>W</strong></span> 
     </span>
     <span class='ocr_line' id='line_1_29' title="bbox 124 3419 1094 3492; baseline 0.006 -19"><span class='ocrx_word' id='word_1_194' title='bbox 124 3419 213 3488; x_wconf 75' lang='lat' dir='ltr'><strong>Bert.)</strong></span> <span class='ocrx_word' id='word_1_195' title='bbox 232 3425 389 3477; x_wconf 80' lang='lat' dir='ltr'><strong>condidisse</strong></span> <span class='ocrx_word' id='word_1_196' title='bbox 409 3423 577 3489; x_wconf 84' lang='lat' dir='ltr'><strong>(consedisse</strong></span> <span class='ocrx_word' id='word_1_197' title='bbox 596 3428 631 3488; x_wconf 77' lang='lat' dir='ltr'><strong>w)</strong></span> <span class='ocrx_word' id='word_1_198' title='bbox 649 3429 673 3477; x_wconf 98' lang='lat' dir='ltr'>A</span> <span class='ocrx_word' id='word_1_199' title='bbox 689 3429 711 3476; x_wconf 77' lang='lat' dir='ltr'>V</span> <span class='ocrx_word' id='word_1_200' title='bbox 728 3428 760 3476; x_wconf 82' lang='lat' dir='ltr'>W</span> <span class='ocrx_word' id='word_1_201' title='bbox 773 3427 858 3490; x_wconf 66' lang='lat' dir='ltr'><strong>Bere,</strong></span> <span class='ocrx_word' id='word_1_202' title='bbox 876 3443 924 3478; x_wconf 86' lang='lat' dir='ltr'><strong>om.</strong></span> <span class='ocrx_word' id='word_1_203' title='bbox 943 3427 964 3477; x_wconf 78' lang='lat' dir='ltr'>B</span> <span class='ocrx_word' id='word_1_204' title='bbox 982 3429 1000 3478; x_wconf 76' lang='lat'><strong>0</strong></span> <span class='ocrx_word' id='word_1_205' title='bbox 1018 3428 1094 3492; x_wconf 72' lang='lat' dir='ltr'><strong>cusp.</strong></span> 
     </span>
     <span class='ocr_line' id='line_1_30' title="bbox 125 3489 1094 3560; baseline 0.001 -18"><span class='ocrx_word' id='word_1_206' title='bbox 125 3489 139 3556; x_wconf 79' lang='grc' dir='ltr'>Η</span> <span class='ocrx_word' id='word_1_207' title='bbox 160 3490 348 3558; x_wconf 70' lang='lat' dir='ltr'><strong>sincereque</strong></span> <span class='ocrx_word' id='word_1_208' title='bbox 367 3493 442 3544; x_wconf 78' lang='lat' dir='ltr'><strong>Bert.</strong></span> <span class='ocrx_word' id='word_1_209' title='bbox 462 3493 558 3544; x_wconf 77' lang='lat' dir='ltr'><strong>Brw:</strong></span> <span class='ocrx_word' id='word_1_210' title='bbox 577 3495 659 3545; x_wconf 87' lang='lat' dir='ltr'><strong>hodic</strong></span> <span class='ocrx_word' id='word_1_211' title='bbox 679 3511 731 3560; x_wconf 90' lang='lat' dir='ltr'><strong>quo</strong></span> <span class='ocrx_word' id='word_1_212' title='bbox 750 3498 773 3546; x_wconf 92' lang='lat' dir='ltr'>A</span> <span class='ocrx_word' id='word_1_213' title='bbox 790 3495 871 3545; x_wconf 88' lang='lat' dir='ltr'><strong>hodie</strong></span> <span class='ocrx_word' id='word_1_214' title='bbox 891 3509 961 3559; x_wconf 80' lang='lat' dir='ltr'><strong>quse</strong></span> <span class='ocrx_word' id='word_1_215' title='bbox 976 3496 1028 3544; x_wconf 80' lang='lat' dir='ltr'><strong>Vn</strong></span> <span class='ocrx_word' id='word_1_216' title='bbox 1046 3495 1094 3544; x_wconf 88' lang='lat' dir='ltr'><strong>ho-</strong></span> 
     </span>
     <span class='ocr_line' id='line_1_31' title="bbox 124 3559 949 3627; baseline 0.001 -18"><span class='ocrx_word' id='word_1_217' title='bbox 124 3559 171 3610; x_wconf 92' lang='lat' dir='ltr'><strong>die</strong></span> <span class='ocrx_word' id='word_1_218' title='bbox 189 3573 297 3624; x_wconf 88' lang='lat' dir='ltr'><strong>quoque</strong></span> <span class='ocrx_word' id='word_1_219' title='bbox 316 3563 374 3612; x_wconf 79' lang='lat' dir='ltr'><strong>edd.</strong></span> <span class='ocrx_word' id='word_1_220' title='bbox 399 3559 409 3627; x_wconf 74' lang='lat' dir='ltr'><strong>l</strong></span> <span class='ocrx_word' id='word_1_221' title='bbox 435 3559 469 3611; x_wconf 81' lang='lat'><strong>23</strong></span> <span class='ocrx_word' id='word_1_222' title='bbox 486 3561 579 3612; x_wconf 83' lang='lat' dir='ltr'><strong>adisse</strong></span> <span class='ocrx_word' id='word_1_223' title='bbox 597 3563 621 3611; x_wconf 98' lang='lat' dir='ltr'>A</span> <span class='ocrx_word' id='word_1_224' title='bbox 638 3577 675 3611; x_wconf 77' lang='lat' dir='ltr'><strong>w:</strong></span> <span class='ocrx_word' id='word_1_225' title='bbox 695 3564 834 3614; x_wconf 82' lang='lat' dir='ltr'><strong>addidisse</strong></span> <span class='ocrx_word' id='word_1_226' title='bbox 852 3564 909 3613; x_wconf 79' lang='lat' dir='ltr'><strong>sc</strong></span> <span class='ocrx_word' id='word_1_227' title='bbox 927 3562 949 3610; x_wconf 79' lang='lat' dir='ltr'>V</span> 
     </span>
    </p>
   </div>
   <div class='ocr_carea' id='block_1_8' title="bbox 0 0 1300 3992">
    <p class='ocr_par' dir='ltr' id='par_1_8' title="bbox 0 0 1300 3992">
     <span class='ocr_line' id='line_1_32' title="bbox 0 0 1300 3992; baseline 0 0"><span class='ocrx_word' id='word_1_228' title='bbox 0 0 1300 3992; x_wconf 95' lang='lat' dir='ltr'><strong> </strong></span> 
     </span>
    </p>
   </div>
  </div>
 </body>
</html>
