2586 3996
223 147 286 212 304
549 147 612 198 xu.
642 146 773 198 Prorrr
792 145 871 197 mu.

222 301 313 382 parte
334 297 518 380 fugiebant3
547 296 581 360 hi
605 296 745 360 dolorem
770 296 938 360 uulnerum
959 317 992 360 se
1016 297 1187 383 uebantur3
1235 342 1242 361 .

222 383 277 446 isti
299 384 417 445 mortes
439 384 584 463 receptas
607 381 641 444 in
665 380 761 444 siluas
784 382 817 442 et
836 379 968 444 flumina
990 318 1188 464 differebant,
1235 402 1245 469 ᾗ

223 466 289 530 illic
309 468 507 548 postremum
526 465 673 548 spiritum
696 465 730 527 in
753 463 963 528 admiratione
985 466 1124 530 nominis
1144 470 1189 530 tui
1243 517 1244 522 1

223 557 256 614 et
290 551 339 615 sui
372 550 461 613 ducis
495 549 706 614 detestatione
743 547 928 612 fundebant.
978 549 1085 613 nullus
1118 551 1188 614 finis
1236 604 1241 613 .

196 635 377 700 ocaedendi
398 634 664 717 insequendique,
695 632 758 696 nisi
785 633 996 698 subtraxisset
1020 634 1188 717 aliquando

222 720 399 784 uictoribus
431 741 518 784 mors
550 718 676 782 hostem
709 721 741 780 et
772 738 835 781 nox
864 717 958 780 diem.
1009 721 1043 781 at
1071 723 1188 802 quanto
1243 715 1244 736 ³

223 804 336 868 melius
364 816 478 868 manus
501 803 561 887 illa
589 801 750 867 consuluit
777 822 856 884 quae
888 802 1054 866 submissis
1081 814 1188 887 preca-

223 889 331 953 bunda
358 888 483 952 uexillis
511 890 593 970 petit
619 886 748 949 ueniam
780 886 983 950 necessitatis·
1012 892 1045 950 et
1072 889 1188 950 terram

223 972 340 1037 osculis
368 983 514 1054 premens
549 969 703 1035 calcanda
731 970 877 1054 uestigiis
906 971 969 1034 tuis
997 991 1132 1055 corpora
1159 975 1190 1035 et

185 1079 210 1118 ro
225 1079 313 1122 arma
328 1056 477 1140 proiecit!
501 1077 595 1138 quam
615 1058 651 1118 tu
673 1074 741 1118 non
763 1054 897 1138 superbe
919 1058 956 1118 ut
970 1055 1100 1136 uictam,
1124 1076 1189 1119 non

222 1143 303 1206 irate
330 1143 366 1204 ut
388 1161 489 1222 ream,
520 1161 587 1204 non
614 1137 824 1285 neglepenter
852 1142 889 1201 ut
909 1160 1021 1222 parum
1049 1160 1191 1203 necessa-

223 1227 303 1290 riam
325 1225 523 1309 praeteristi,
548 1224 604 1288 sed
626 1223 701 1287 blan
725 1245 742 1286 e
763 1223 999 1307 liberaliterque
1021 1225 1191 1287 tractatam

223 1311 344 1375 iussisti
367 1332 435 1374 esse
458 1309 653 1373 Romanam!
693 1307 872 1392 iunguntur
899 1308 988 1372 socia
1008 1308 1139 1392 agmina
1161 1311 1192 1372 et

223 1397 282 1460 sub
316 1415 379 1458 uno
414 1397 517 1477 capite
548 1394 674 1457 diuersa
706 1393 752 1456 rei
785 1391 932 1475 publicae
966 1392 1108 1456 membra
1144 1413 1192 1456 co-

185 1500 210 1540 15
224 1480 377 1544 alescunt.
415 1479 508 1542 ambo
531 1478 602 1561 pari
623 1475 741 1562 gaudio
763 1476 910 1540 feruntur
936 1477 1103 1541 exercitus.
1141 1471 1193 1540 hic

224 1585 320 1648 opera
343 1583 399 1627 sua
421 1563 554 1646 gaudet,
578 1560 631 1626 hic
653 1560 764 1624 uenia:
791 1563 924 1644 uterque
946 1560 1091 1625 uictoria.

250 1719 253 1724 ¹
287 1645 452 1711 XXXVII.
489 1647 558 1711 Nec
579 1647 634 1729 pia
655 1643 822 1708 Haemona
846 1646 1059 1725 cunctantius,
1082 1645 1138 1708 ubi
1159 1649 1192 1709 te

223 1733 333 1797 adfore
348 1733 543 1812 nuntiatum,
567 1729 713 1814 impulsis
732 1730 834 1793 effusa
848 1729 950 1812 portis
974 1730 1102 1794 obuiam
1119 1751 1193 1812 pro·

222 1817 346 1880 uolauit
368 1818 413 1895 et,
443 1818 480 1879 ut
507 1819 556 1880 est
585 1835 681 1879 omne
704 1813 895 1878 desiderium
916 1819 1002 1896 post*
1020 1835 1108 1896 spem
1134 1814 1192 1877 im-

184 1923 209 1962 ao
222 1901 411 1984 patientius,
437 1921 550 1982 parum
574 1899 705 1964 credens
727 1901 837 1980 patere
858 1899 1004 1963 uenienti
1025 1898 1193 1962 festinauit

223 2005 388 2050 occursare
410 1987 556 2049 uenturo.
597 1983 693 2068 fingit
716 1983 858 2065 quidem,
880 1985 917 2046 ut
939 1984 1073 2066 scimus,
1095 1984 1192 2046 timor

223 2070 391 2154 gaudium,
426 2068 480 2130 sed
508 2069 554 2130 ita
582 2068 713 2130 intimos
741 2067 858 2130 mentis
886 2067 1020 2132 affectus
1047 2066 1193 2150 proditor

223 2154 330 2216 uultus
359 2151 507 2214 enuntiat
529 2154 565 2215 ut
586 2151 620 2214 in
643 2148 771 2234 speculo
793 2150 948 2216 fmntium
977 2153 1083 2236 imago
1106 2155 1193 2216 extet

223 2235 413 2300 animorum.
457 2235 548 2299 uelut
569 2235 625 2298 illa
653 2234 765 2300 ciuitas
789 2237 927 2320 elonga
953 2235 1120 2302 obsidione
1143 2258 1192 2300 re·

185 2340 210 2380 rs
223 2323 365 2404 spirans,
402 2319 487 2403 quod
524 2341 594 2384 eam
627 2323 785 2403 tyrannus
818 2320 955 2403 Alpibus
994 2321 1192 2386 obiacentem

223 2408 388 2488 tamquam
416 2403 491 2468 belli
519 2404 618 2468 limen
651 2404 837 2488 attriueret‚
874 2407 966 2468 tanta
998 2426 1031 2469 se
1064 2409 1097 2470 et
1122 2408 1192 2469 tam

222 2489 360 2572 simplici
388 2488 582 2552 exultatione
610 2489 751 2552 iactabat
773 2492 824 2571 ut,
853 2489 888 2552 ni
916 2492 1000 2553 esset
1027 2511 1105 2554 uera
1125 2489 1193 2554 lae·

222 2572 309 2656 titia,
342 2571 471 2635 mimica
497 2572 668 2636 uideretur.
712 2571 860 2637 ferebant
887 2595 921 2637 se
950 2573 1062 2638 obuiae
1090 2575 1191 2658 tripu·

223 2657 380 2722 diantium
408 2658 564 2722 cateruae.
609 2659 725 2721 cuncta
748 2661 846 2722 cantu
874 2660 907 2721 et
928 2659 1058 2722 crotalis
1080 2680 1190 2742 perso-

184 2761 209 2800 ao
223 2742 356 2806 nabent.
407 2740 460 2805 hic
493 2741 553 2805 tibi
585 2740 784 2827 triumphum
820 2741 934 2807 chorus
940 2791 950 2826 r
988 2743 1042 2807 ille
1076 2747 1190 2808 contra

289 3001 304 3049 2
323 2998 486 3048 deferebant
504 2996 585 3063 eddi}
602 3002 617 3050 3
635 2998 679 3049 illi
696 3001 755 3050 edd.
770 2995 779 3063 ΙΙ
797 3001 813 3050 8
831 2997 996 3048 necessitati
1013 3011 1038 3046 w
1049 2995 1059 3063 ΙΙ
1076 3000 1092 3049 9
1111 3013 1190 3050 oseu-

221 3064 255 3114 lis
274 3067 422 3116 Acidaliae:
445 3066 474 3114 in
493 3065 593 3116 osculis
611 3067 638 3114 Μ
667 3064 677 3132 ΙΙ
708 3069 740 3116 14
757 3067 847 3117 diuisa
864 3069 890 3116 in
907 3065 930 3114 Δ
947 3081 1003 3115 esse
1019 3066 1087 3129 salse
1105 3065 1191 3130 refert

221 3131 369 3196 Sotefferur
389 3129 399 3198 ΙΙ
424 3134 455 3182 17
474 3132 621 3183 Hacinona
639 3133 715 3186 Bert.
738 3130 748 3197 ΙΙ
774 3136 805 3185 18
823 3132 977 3199 prouolauit
995 3147 1019 3182 w
1077 3135 1110 3185 23
1128 3134 1189 3184 lon-

222 3199 290 3247 tium
306 3200 333 3245 1
351 3199 427 3251 Bert.
446 3198 568 3263 (fortium
586 3198 634 3265 (Ul
651 3206 729 3252 extat
746 3203 783 3262 Μ,
801 3218 869 3252 corr.
886 3202 1019 3251 Liuineius
1073 3203 1106 3252 25
1125 3201 1189 3252 sub·

221 3266 355 3314 iacentem
367 3268 502 3317 Acidaliae
518 3265 528 3332 ΙΙ
545 3269 577 3318 28
596 3269 704 3318 mimica
721 3270 829 3333 scripsi:
846 3269 931 3318 nimia
946 3271 974 3315 Η
991 3272 1022 3317 ut
1039 3282 1102 3318 esse
1120 3283 1190 3319 uera

222 3331 339 3392 laetitia,
358 3333 404 3382 uel
422 3336 487 3398 quia
506 3336 600 3399 nimia,
621 3336 760 3386 uideretur
776 3337 910 3387 Acidaliae
927 3339 958 3385 ut
976 3335 1065 3386 inesse
1084 3336 1189 3387 seueris

222 3398 436 3516 lapt'qtisccnimiu
453 3401 593 3452 uideretur
610 3404 746 3466 Wittofiur
762 3408 865 3468 specim.
886 3403 1006 3455 Guntter.
1023 3420 1051 3468 p.
1070 3406 1107 3455 83
1123 3401 1134 3469 ΙΙ
1155 3404 1188 3454 29

221 3481 252 3518 co
267 3482 284 3517 a
296 3483 307 3514 ι
