<?xml version="1.0" encoding="UTF-8"?>
<!DOCTYPE html PUBLIC "-//W3C//DTD XHTML 1.0 Transitional//EN"
    "http://www.w3.org/TR/xhtml1/DTD/xhtml1-transitional.dtd">
<html xmlns="http://www.w3.org/1999/xhtml" xml:lang="en" lang="en">
 <head>
  <title>
</title>
<meta http-equiv="Content-Type" content="text/html;charset=utf-8" />
  <meta name='ocr-system' content='tesseract 3.04.00' />
  <meta name='ocr-capabilities' content='ocr_page ocr_carea ocr_par ocr_line ocrx_word'/>
</head>
<body>
  <div class='ocr_page' id='page_1' title='image "./xiipanegyricila02baehgoog_0341.png"; bbox 0 0 2586 3996; ppageno 0'>
   <div class='ocr_carea' id='block_1_1' title="bbox 325 165 1105 231">
    <p class='ocr_par' dir='ltr' id='par_1_1' title="bbox 325 165 1105 231">
     <span class='ocr_line' id='line_1_1' title="bbox 325 165 1105 231; baseline 0.004 -13"><span class='ocrx_word' id='word_1_1' title='bbox 325 167 540 220; x_wconf 84' lang='lat' dir='ltr'>THEODOSIO</span> <span class='ocrx_word' id='word_1_2' title='bbox 559 167 728 220; x_wconf 82' lang='lat' dir='ltr'>AUGUSTO</span> <span class='ocrx_word' id='word_1_3' title='bbox 747 170 781 224; x_wconf 88' lang='lat' dir='ltr'>D.</span> <span class='ocrx_word' id='word_1_4' title='bbox 806 171 916 221; x_wconf 72' lang='lat'>40-42.</span> <span class='ocrx_word' id='word_1_5' title='bbox 1042 165 1105 231; x_wconf 86' lang='lat'>309</span> 
     </span>
    </p>
   </div>
   <div class='ocr_carea' id='block_1_2' title="bbox 120 317 1192 2664">
    <p class='ocr_par' dir='ltr' id='par_1_2' title="bbox 120 317 1192 2664">
     <span class='ocr_line' id='line_1_2' title="bbox 136 317 1105 402; baseline -0.001 -21"><span class='ocrx_word' id='word_1_6' title='bbox 136 317 321 382; x_wconf 85' lang='lat' dir='ltr'>uoluntaria</span> <span class='ocrx_word' id='word_1_7' title='bbox 345 317 491 382; x_wconf 89' lang='lat' dir='ltr'>carnifice</span> <span class='ocrx_word' id='word_1_8' title='bbox 513 340 580 382; x_wconf 93' lang='lat' dir='ltr'>non</span> <span class='ocrx_word' id='word_1_9' title='bbox 601 317 749 382; x_wconf 87' lang='lat' dir='ltr'>trahente</span> <span class='ocrx_word' id='word_1_10' title='bbox 772 317 965 402; x_wconf 74' lang='lat' dir='ltr'><strong>properatio.</strong></span> <span class='ocrx_word' id='word_1_11' title='bbox 1007 319 1045 381; x_wconf 90' lang='lat' dir='ltr'>ut</span> <span class='ocrx_word' id='word_1_12' title='bbox 1067 317 1105 381; x_wconf 88' lang='lat' dir='ltr'>de</span> 
     </span>
     <span class='ocr_line' id='line_1_3' title="bbox 135 400 1105 486; baseline 0 -22"><span class='ocrx_word' id='word_1_13' title='bbox 135 401 185 466; x_wconf 89' lang='lat' dir='ltr'>his</span> <span class='ocrx_word' id='word_1_14' title='bbox 200 405 324 467; x_wconf 85' lang='lat' dir='ltr'>taceam</span> <span class='ocrx_word' id='word_1_15' title='bbox 341 403 396 485; x_wconf 90' lang='lat' dir='ltr'>qui</span> <span class='ocrx_word' id='word_1_16' title='bbox 417 424 489 466; x_wconf 87' lang='lat' dir='ltr'>cum</span> <span class='ocrx_word' id='word_1_17' title='bbox 507 402 582 466; x_wconf 85' lang='lat' dir='ltr'>fatis</span> <span class='ocrx_word' id='word_1_18' title='bbox 598 402 714 466; x_wconf 87' lang='lat' dir='ltr'>fortius</span> <span class='ocrx_word' id='word_1_19' title='bbox 728 401 926 486; x_wconf 80' lang='lat' dir='ltr'>paciscentes</span> <span class='ocrx_word' id='word_1_20' title='bbox 946 400 1105 465; x_wconf 87' lang='lat' dir='ltr'>incertum</span> 
     </span>
     <span class='ocr_line' id='line_1_4' title="bbox 136 485 1106 571; baseline -0.002 -21"><span class='ocrx_word' id='word_1_21' title='bbox 136 485 256 551; x_wconf 87' lang='lat' dir='ltr'>exitum</span> <span class='ocrx_word' id='word_1_22' title='bbox 279 489 365 550; x_wconf 86' lang='lat' dir='ltr'>certo</span> <span class='ocrx_word' id='word_1_23' title='bbox 388 490 636 571; x_wconf 78' lang='lat' dir='ltr'>occupauerunt,</span> <span class='ocrx_word' id='word_1_24' title='bbox 658 490 695 550; x_wconf 90' lang='lat' dir='ltr'>ut</span> <span class='ocrx_word' id='word_1_25' title='bbox 717 486 798 550; x_wconf 86' lang='lat' dir='ltr'><strong>nihil</strong></span> <span class='ocrx_word' id='word_1_26' title='bbox 813 485 852 550; x_wconf 88' lang='lat' dir='ltr'>de</span> <span class='ocrx_word' id='word_1_27' title='bbox 874 485 974 550; x_wconf 84' lang='lat' dir='ltr'>seruis</span> <span class='ocrx_word' id='word_1_28' title='bbox 994 485 1106 569; x_wconf 85' lang='lat' dir='ltr'>loquar</span> 
     </span>
     <span class='ocr_line' id='line_1_5' title="bbox 135 569 1104 654; baseline -0.001 -20"><span class='ocrx_word' id='word_1_29' title='bbox 135 571 190 654; x_wconf 89' lang='lat' dir='ltr'>qui</span> <span class='ocrx_word' id='word_1_30' title='bbox 212 571 346 636; x_wconf 90' lang='lat' dir='ltr'>uerbera</span> <span class='ocrx_word' id='word_1_31' title='bbox 367 571 510 635; x_wconf 89' lang='lat' dir='ltr'>uitauere</span> <span class='ocrx_word' id='word_1_32' title='bbox 533 571 705 654; x_wconf 89' lang='lat' dir='ltr'>suspendio</span> <span class='ocrx_word' id='word_1_33' title='bbox 732 577 765 634; x_wconf 88' lang='lat' dir='ltr'>et</span> <span class='ocrx_word' id='word_1_34' title='bbox 785 573 891 634; x_wconf 88' lang='lat' dir='ltr'>motus</span> <span class='ocrx_word' id='word_1_35' title='bbox 913 569 1030 634; x_wconf 84' lang='lat' dir='ltr'>heriles</span> <span class='ocrx_word' id='word_1_36' title='bbox 1052 591 1104 633; x_wconf 91' lang='lat' dir='ltr'>us-</span> 
     </span>
     <span class='ocr_line' id='line_1_6' title="bbox 135 655 1130 741; baseline -0.004 -23"><span class='ocrx_word' id='word_1_37' title='bbox 135 676 196 740; x_wconf 91' lang='lat' dir='ltr'>que</span> <span class='ocrx_word' id='word_1_38' title='bbox 227 655 268 719; x_wconf 89' lang='lat' dir='ltr'>ad</span> <span class='ocrx_word' id='word_1_39' title='bbox 301 655 490 740; x_wconf 88' lang='lat' dir='ltr'>praecipitia</span> <span class='ocrx_word' id='word_1_40' title='bbox 522 656 691 741; x_wconf 77' lang='lat' dir='ltr'>fugeruntz</span> <span class='ocrx_word' id='word_1_41' title='bbox 735 655 805 740; x_wconf 90' lang='lat' dir='ltr'>quis</span> <span class='ocrx_word' id='word_1_42' title='bbox 838 675 991 739; x_wconf 90' lang='lat' dir='ltr'>umquam</span> <span class='ocrx_word' id='word_1_43' title='bbox 1024 655 1130 735; x_wconf 79' lang='lat' dir='ltr'>citrao</span> 
     </span>
     <span class='ocr_line' id='line_1_7' title="bbox 136 737 1106 824; baseline -0.001 -21"><span class='ocrx_word' id='word_1_44' title='bbox 136 761 225 823; x_wconf 87' lang='lat' dir='ltr'>spem</span> <span class='ocrx_word' id='word_1_45' title='bbox 247 740 377 804; x_wconf 77' lang='lat' dir='ltr'>timuit?</span> <span class='ocrx_word' id='word_1_46' title='bbox 413 741 486 824; x_wconf 88' lang='lat' dir='ltr'>quis</span> <span class='ocrx_word' id='word_1_47' title='bbox 508 741 628 805; x_wconf 89' lang='lat' dir='ltr'>idcirco</span> <span class='ocrx_word' id='word_1_48' title='bbox 655 743 756 804; x_wconf 89' lang='lat' dir='ltr'>semet</span> <span class='ocrx_word' id='word_1_49' title='bbox 777 739 920 804; x_wconf 86' lang='lat' dir='ltr'>occidere</span> <span class='ocrx_word' id='word_1_50' title='bbox 942 737 1048 803; x_wconf 90' lang='lat' dir='ltr'>noluit</span> <span class='ocrx_word' id='word_1_51' title='bbox 1068 743 1106 802; x_wconf 90' lang='lat' dir='ltr'>ut</span> 
     </span>
     <span class='ocr_line' id='line_1_8' title="bbox 135 823 1104 907; baseline 0 -19"><span class='ocrx_word' id='word_1_52' title='bbox 135 824 354 888; x_wconf 79' lang='lat' dir='ltr'>occideretur?</span> <span class='ocrx_word' id='word_1_53' title='bbox 381 825 444 889; x_wconf 89' lang='lat' dir='ltr'>nisi</span> <span class='ocrx_word' id='word_1_54' title='bbox 464 846 540 889; x_wconf 92' lang='lat' dir='ltr'>uero</span> <span class='ocrx_word' id='word_1_55' title='bbox 562 826 615 889; x_wconf 90' lang='lat' dir='ltr'>uel</span> <span class='ocrx_word' id='word_1_56' title='bbox 629 825 732 890; x_wconf 89' lang='lat' dir='ltr'>lenior</span> <span class='ocrx_word' id='word_1_57' title='bbox 753 845 866 888; x_wconf 86' lang='lat' dir='ltr'>manus</span> <span class='ocrx_word' id='word_1_58' title='bbox 889 823 994 888; x_wconf 87' lang='lat' dir='ltr'>aliena</span> <span class='ocrx_word' id='word_1_59' title='bbox 1010 842 1104 907; x_wconf 87' lang='lat' dir='ltr'>quam</span> 
     </span>
     <span class='ocr_line' id='line_1_9' title="bbox 134 907 1105 1056; baseline -0.002 -84"><span class='ocrx_word' id='word_1_60' title='bbox 134 909 265 1056; x_wconf 80' lang='lat' dir='ltr'>propria</span> <span class='ocrx_word' id='word_1_61' title='bbox 291 911 344 973; x_wconf 90' lang='lat' dir='ltr'>uel</span> <span class='ocrx_word' id='word_1_62' title='bbox 365 909 490 974; x_wconf 87' lang='lat' dir='ltr'>foedior</span> <span class='ocrx_word' id='word_1_63' title='bbox 516 931 601 974; x_wconf 88' lang='lat' dir='ltr'>mors</span> <span class='ocrx_word' id='word_1_64' title='bbox 626 909 753 993; x_wconf 85' lang='lat' dir='ltr'>priuata</span> <span class='ocrx_word' id='word_1_65' title='bbox 780 929 875 992; x_wconf 90' lang='lat' dir='ltr'>quam</span> <span class='ocrx_word' id='word_1_66' title='bbox 897 907 1026 992; x_wconf 88' lang='lat' dir='ltr'>publica</span> <span class='ocrx_word' id='word_1_67' title='bbox 1052 907 1105 971; x_wconf 90' lang='lat' dir='ltr'>uel</span> 
     </span>
     <span class='ocr_line' id='line_1_10' title="bbox 150 992 1104 1078; baseline -0.002 -22"><span class='ocrx_word' id='word_1_68' title='bbox 150 993 266 1078; x_wconf 83' lang='lat' dir='ltr'>ongior</span> <span class='ocrx_word' id='word_1_69' title='bbox 293 1015 398 1077; x_wconf 89' lang='lat' dir='ltr'>poena</span> <span class='ocrx_word' id='word_1_70' title='bbox 426 994 512 1059; x_wconf 84' lang='lat' dir='ltr'>ferro</span> <span class='ocrx_word' id='word_1_71' title='bbox 545 995 728 1058; x_wconf 82' lang='lat' dir='ltr'>incumbere</span> <span class='ocrx_word' id='word_1_72' title='bbox 762 997 795 1058; x_wconf 90' lang='lat' dir='ltr'>et</span> <span class='ocrx_word' id='word_1_73' title='bbox 823 1013 955 1076; x_wconf 86' lang='lat' dir='ltr'>corpore</span> <span class='ocrx_word' id='word_1_74' title='bbox 987 992 1104 1056; x_wconf 84' lang='lat' dir='ltr'>uulnus</span> 
     </span>
     <span class='ocr_line' id='line_1_11' title="bbox 135 1079 1141 1162; baseline 0 -22"><span class='ocrx_word' id='word_1_75' title='bbox 135 1098 268 1142; x_wconf 89' lang='lat' dir='ltr'>onerare</span> <span class='ocrx_word' id='word_1_76' title='bbox 303 1081 336 1142; x_wconf 87' lang='lat' dir='ltr'>ct</span> <span class='ocrx_word' id='word_1_77' title='bbox 361 1079 503 1162; x_wconf 88' lang='lat' dir='ltr'>recipere</span> <span class='ocrx_word' id='word_1_78' title='bbox 536 1079 702 1143; x_wconf 88' lang='lat' dir='ltr'>interitum</span> <span class='ocrx_word' id='word_1_79' title='bbox 735 1079 842 1142; x_wconf 84' lang='lat' dir='ltr'>statim</span> <span class='ocrx_word' id='word_1_80' title='bbox 869 1081 973 1142; x_wconf 89' lang='lat' dir='ltr'>totum</span> <span class='ocrx_word' id='word_1_81' title='bbox 1007 1097 1102 1161; x_wconf 89' lang='lat' dir='ltr'>quam</span> <span class='ocrx_word' id='word_1_82' title='bbox 1116 1093 1141 1134; x_wconf 86' lang='lat'>10</span> 
     </span>
     <span class='ocr_line' id='line_1_12' title="bbox 120 1161 1192 1312; baseline -0.002 -2"><span class='ocrx_word' id='word_1_83' title='bbox 120 1162 505 1312; x_wconf 53' lang='lat' dir='ltr'>‘iiiiiliumdiiieii&#39;</span> <span class='ocrx_word' id='word_1_84' title='bbox 520 1161 1028 1312; x_wconf 58' lang='lat' dir='ltr'>stiltattintlilm</span> <span class='ocrx_word' id='word_1_85' title='bbox 1051 1183 1103 1226; x_wconf 50' lang='lat'>⁰²*</span> <span class='ocrx_word' id='word_1_86' title='bbox 1189 1219 1192 1228; x_wconf 83' lang='lat'><em>·</em></span> 
     </span>
     <span class='ocr_line' id='line_1_13' title="bbox 199 1269 1103 1414; baseline -0.003 -19"><span class='ocrx_word' id='word_1_87' title='bbox 199 1269 671 1414; x_wconf 69' lang='lat' dir='ltr'>XL1&#39;1.p.uicamenpquom0e0</span> <span class='ocrx_word' id='word_1_88' title='bbox 692 1330 747 1394; x_wconf 89' lang='lat' dir='ltr'>ille</span> <span class='ocrx_word' id='word_1_89' title='bbox 769 1351 876 1394; x_wconf 88' lang='lat' dir='ltr'>seeum</span> <span class='ocrx_word' id='word_1_90' title='bbox 891 1329 977 1394; x_wconf 86' lang='lat' dir='ltr'>ferro</span> <span class='ocrx_word' id='word_1_91' title='bbox 999 1332 1103 1392; x_wconf 88' lang='lat' dir='ltr'>trans-</span> 
     </span>
     <span class='ocr_line' id='line_1_14' title="bbox 135 1413 1143 1582; baseline 0 -20"><span class='ocrx_word' id='word_1_92' title='bbox 135 1413 1103 1582; x_wconf 55' lang='lat' dir='ltr'>censtulttiasolemmacensis</span> <span class='ocrx_word' id='word_1_93' title='bbox 1117 1511 1143 1552; x_wconf 58' lang='lat' dir='ltr'>i</span> 
     </span>
     <span class='ocr_line' id='line_1_15' title="bbox 135 1582 1104 1667; baseline 0.002 -23"><span class='ocrx_word' id='word_1_94' title='bbox 135 1582 280 1667; x_wconf 87' lang='lat' dir='ltr'>profecto</span> <span class='ocrx_word' id='word_1_95' title='bbox 302 1585 369 1646; x_wconf 90' lang='lat' dir='ltr'>tam</span> <span class='ocrx_word' id='word_1_96' title='bbox 391 1582 473 1648; x_wconf 89' lang='lat' dir='ltr'>bene</span> <span class='ocrx_word' id='word_1_97' title='bbox 495 1583 534 1648; x_wconf 92' lang='lat' dir='ltr'>de</span> <span class='ocrx_word' id='word_1_98' title='bbox 557 1583 728 1648; x_wconf 84' lang='lat' dir='ltr'>sceleribus</span> <span class='ocrx_word' id='word_1_99' title='bbox 754 1583 819 1649; x_wconf 89' lang='lat' dir='ltr'>suis</span> <span class='ocrx_word' id='word_1_100' title='bbox 842 1583 943 1648; x_wconf 89' lang='lat' dir='ltr'>sensit</span> <span class='ocrx_word' id='word_1_101' title='bbox 964 1584 1000 1646; x_wconf 88' lang='lat' dir='ltr'>ut</span> <span class='ocrx_word' id='word_1_102' title='bbox 1022 1602 1104 1647; x_wconf 88' lang='lat' dir='ltr'>mor-</span> 
     </span>
     <span class='ocr_line' id='line_1_16' title="bbox 136 1663 1105 1753; baseline -0.001 -23"><span class='ocrx_word' id='word_1_103' title='bbox 136 1672 201 1730; x_wconf 90' lang='lat' dir='ltr'>tem</span> <span class='ocrx_word' id='word_1_104' title='bbox 224 1667 363 1750; x_wconf 89' lang='lat' dir='ltr'>potuerit</span> <span class='ocrx_word' id='word_1_105' title='bbox 385 1689 513 1752; x_wconf 85' lang='lat' dir='ltr'>sperare</span> <span class='ocrx_word' id='word_1_106' title='bbox 535 1690 598 1752; x_wconf 89' lang='lat' dir='ltr'>qua</span> <span class='ocrx_word' id='word_1_107' title='bbox 619 1669 723 1752; x_wconf 89' lang='lat' dir='ltr'>periit.</span> <span class='ocrx_word' id='word_1_108' title='bbox 761 1663 789 1732; x_wconf 79' lang='lat' dir='ltr'>si</span> <span class='ocrx_word' id='word_1_109' title='bbox 810 1669 911 1753; x_wconf 84' lang='lat' dir='ltr'>igitur</span> <span class='ocrx_word' id='word_1_110' title='bbox 931 1687 993 1732; x_wconf 90' lang='lat' dir='ltr'>nec</span> <span class='ocrx_word' id='word_1_111' title='bbox 1015 1686 1105 1752; x_wconf 86' lang='lat' dir='ltr'>prac-</span> 
     </span>
     <span class='ocr_line' id='line_1_17' title="bbox 137 1751 1105 1838; baseline -0.001 -22"><span class='ocrx_word' id='word_1_112' title='bbox 137 1773 261 1816; x_wconf 88' lang='lat' dir='ltr'>sumere</span> <span class='ocrx_word' id='word_1_113' title='bbox 283 1752 412 1816; x_wconf 87' lang='lat' dir='ltr'>ueniam</span> <span class='ocrx_word' id='word_1_114' title='bbox 435 1773 507 1817; x_wconf 90' lang='lat' dir='ltr'>reus</span> <span class='ocrx_word' id='word_1_115' title='bbox 531 1774 590 1817; x_wconf 89' lang='lat' dir='ltr'>nec</span> <span class='ocrx_word' id='word_1_116' title='bbox 613 1773 739 1838; x_wconf 84' lang='lat' dir='ltr'>sperare</span> <span class='ocrx_word' id='word_1_117' title='bbox 761 1752 874 1838; x_wconf 79' lang='lat' dir='ltr'>fugam</span> <span class='ocrx_word' id='word_1_118' title='bbox 897 1751 1022 1816; x_wconf 88' lang='lat' dir='ltr'>clausus</span> <span class='ocrx_word' id='word_1_119' title='bbox 1044 1772 1105 1815; x_wconf 87' lang='lat' dir='ltr'>nec</span> 
     </span>
     <span class='ocr_line' id='line_1_18' title="bbox 136 1837 1105 1934; baseline -0.002 -34"><span class='ocrx_word' id='word_1_120' title='bbox 136 1840 273 1900; x_wconf 87' lang='lat' dir='ltr'>mortem</span> <span class='ocrx_word' id='word_1_121' title='bbox 287 1837 395 1934; x_wconf 90' lang='lat' dir='ltr'>potuit</span> <span class='ocrx_word' id='word_1_122' title='bbox 408 1837 521 1902; x_wconf 86' lang='lat' dir='ltr'>timere</span> <span class='ocrx_word' id='word_1_123' title='bbox 542 1837 715 1903; x_wconf 89' lang='lat' dir='ltr'>moriturus</span> <span class='ocrx_word' id='word_1_124' title='bbox 738 1840 770 1902; x_wconf 85' lang='lat' dir='ltr'>et</span> <span class='ocrx_word' id='word_1_125' title='bbox 786 1840 873 1902; x_wconf 84' lang='lat' dir='ltr'>certo</span> <span class='ocrx_word' id='word_1_126' title='bbox 890 1839 1105 1900; x_wconf 85' lang='lat' dir='ltr'>extremorum</span> 
     </span>
     <span class='ocr_line' id='line_1_19' title="bbox 135 1919 1146 2006; baseline 0 -22"><span class='ocrx_word' id='word_1_127' title='bbox 135 1920 239 1984; x_wconf 87' lang='lat' dir='ltr'>lenior</span> <span class='ocrx_word' id='word_1_128' title='bbox 265 1919 366 1985; x_wconf 87' lang='lat' dir='ltr'>u1deri</span> <span class='ocrx_word' id='word_1_129' title='bbox 388 1920 499 1986; x_wconf 84' lang='lat' dir='ltr'>debuit</span> <span class='ocrx_word' id='word_1_130' title='bbox 525 1921 725 1986; x_wconf 86' lang='lat' dir='ltr'>uoluntarius</span> <span class='ocrx_word' id='word_1_131' title='bbox 752 1942 847 2006; x_wconf 90' lang='lat' dir='ltr'>quam</span> <span class='ocrx_word' id='word_1_132' title='bbox 875 1923 1020 2003; x_wconf 84' lang='lat' dir='ltr'>coactus,</span> <span class='ocrx_word' id='word_1_133' title='bbox 1048 1920 1104 1984; x_wconf 90' lang='lat' dir='ltr'>ho·</span> <span class='ocrx_word' id='word_1_134' title='bbox 1118 1935 1146 1976; x_wconf 76' lang='lat'>2⁰</span> 
     </span>
     <span class='ocr_line' id='line_1_20' title="bbox 135 2005 1106 2091; baseline -0.002 -22"><span class='ocrx_word' id='word_1_135' title='bbox 135 2005 257 2070; x_wconf 86' lang='lat' dir='ltr'>nestior</span> <span class='ocrx_word' id='word_1_136' title='bbox 283 2005 429 2089; x_wconf 89' lang='lat' dir='ltr'>priuatus</span> <span class='ocrx_word' id='word_1_137' title='bbox 463 2027 558 2091; x_wconf 91' lang='lat' dir='ltr'>quam</span> <span class='ocrx_word' id='word_1_138' title='bbox 587 2006 751 2090; x_wconf 87' lang='lat' dir='ltr'>publicus,</span> <span class='ocrx_word' id='word_1_139' title='bbox 788 2009 949 2090; x_wconf 84' lang='lat' dir='ltr'>postremo</span> <span class='ocrx_word' id='word_1_140' title='bbox 976 2005 1106 2069; x_wconf 84' lang='lat' dir='ltr'>breuior</span> 
     </span>
     <span class='ocr_line' id='line_1_21' title="bbox 135 2089 1105 2176; baseline -0.003 -22"><span class='ocrx_word' id='word_1_141' title='bbox 135 2093 307 2174; x_wconf 89' lang='lat' dir='ltr'>occupatus</span> <span class='ocrx_word' id='word_1_142' title='bbox 332 2111 429 2174; x_wconf 88' lang='lat' dir='ltr'>quam</span> <span class='ocrx_word' id='word_1_143' title='bbox 456 2094 642 2176; x_wconf 82' lang='lat' dir='ltr'>expectatus</span> <span class='ocrx_word' id='word_1_144' title='bbox 669 2092 834 2157; x_wconf 77' lang='lat' dir='ltr'>interitusz</span> <span class='ocrx_word' id='word_1_145' title='bbox 870 2111 948 2154; x_wconf 90' lang='lat' dir='ltr'>num</span> <span class='ocrx_word' id='word_1_146' title='bbox 976 2089 1028 2154; x_wconf 90' lang='lat' dir='ltr'>cui</span> <span class='ocrx_word' id='word_1_147' title='bbox 1050 2089 1105 2152; x_wconf 92' lang='lat' dir='ltr'>du-</span> 
     </span>
     <span class='ocr_line' id='line_1_22' title="bbox 135 2173 1105 2242; baseline -0.001 -4"><span class='ocrx_word' id='word_1_148' title='bbox 135 2175 225 2238; x_wconf 89' lang='lat' dir='ltr'>bium</span> <span class='ocrx_word' id='word_1_149' title='bbox 245 2179 294 2240; x_wconf 88' lang='lat' dir='ltr'>est</span> <span class='ocrx_word' id='word_1_150' title='bbox 311 2175 345 2239; x_wconf 93' lang='lat' dir='ltr'>in</span> <span class='ocrx_word' id='word_1_151' title='bbox 362 2197 399 2241; x_wconf 89' lang='lat' dir='ltr'>eo</span> <span class='ocrx_word' id='word_1_152' title='bbox 435 2177 498 2239; x_wconf 92' lang='lat' dir='ltr'>uod</span> <span class='ocrx_word' id='word_1_153' title='bbox 519 2197 585 2242; x_wconf 91' lang='lat' dir='ltr'>non</span> <span class='ocrx_word' id='word_1_154' title='bbox 600 2176 720 2242; x_wconf 63' lang='lat' dir='ltr'>habuit,</span> <span class='ocrx_word' id='word_1_155' title='bbox 735 2176 892 2241; x_wconf 86' lang='lat' dir='ltr'>rationem</span> <span class='ocrx_word' id='word_1_156' title='bbox 909 2174 1011 2239; x_wconf 89' lang='lat' dir='ltr'>fuisse</span> <span class='ocrx_word' id='word_1_157' title='bbox 1026 2173 1105 2238; x_wconf 84' lang='lat' dir='ltr'>For·</span> 
     </span>
     <span class='ocr_line' id='line_1_23' title="bbox 135 2197 1106 2344; baseline 0.002 -24"><span class='ocrx_word' id='word_1_158' title='bbox 135 2257 271 2321; x_wconf 79' lang='lat' dir='ltr'>tunam?</span> <span class='ocrx_word' id='word_1_159' title='bbox 308 2258 379 2340; x_wconf 84' lang='lat' dir='ltr'>illa,</span> <span class='ocrx_word' id='word_1_160' title='bbox 408 2197 464 2323; x_wconf 88' lang='lat' dir='ltr'>illa</span> <span class='ocrx_word' id='word_1_161' title='bbox 485 2261 617 2344; x_wconf 79' lang='lat' dir='ltr'>tyranni</span> <span class='ocrx_word' id='word_1_162' title='bbox 645 2262 779 2326; x_wconf 89' lang='lat' dir='ltr'>consilia</span> <span class='ocrx_word' id='word_1_163' title='bbox 801 2261 959 2343; x_wconf 86' lang='lat' dir='ltr'>caecauit,</span> <span class='ocrx_word' id='word_1_164' title='bbox 994 2259 1051 2324; x_wconf 86' lang='lat' dir='ltr'>illa</span> <span class='ocrx_word' id='word_1_165' title='bbox 1073 2261 1106 2322; x_wconf 89' lang='lat' dir='ltr'>et</span> 
     </span>
     <span class='ocr_line' id='line_1_24' title="bbox 136 2342 1187 2428; baseline 0 -22"><span class='ocrx_word' id='word_1_166' title='bbox 136 2342 279 2406; x_wconf 89' lang='lat' dir='ltr'>animum</span> <span class='ocrx_word' id='word_1_167' title='bbox 304 2342 372 2406; x_wconf 89' lang='lat' dir='ltr'>eius</span> <span class='ocrx_word' id='word_1_168' title='bbox 394 2342 519 2407; x_wconf 90' lang='lat' dir='ltr'>obtudit</span> <span class='ocrx_word' id='word_1_169' title='bbox 545 2347 578 2408; x_wconf 87' lang='lat' dir='ltr'>et</span> <span class='ocrx_word' id='word_1_170' title='bbox 599 2343 758 2428; x_wconf 86' lang='lat' dir='ltr'>gladium,</span> <span class='ocrx_word' id='word_1_171' title='bbox 785 2345 842 2409; x_wconf 88' lang='lat' dir='ltr'>illa</span> <span class='ocrx_word' id='word_1_172' title='bbox 864 2344 1046 2428; x_wconf 83' lang='lat' dir='ltr'>expeditam</span> <span class='ocrx_word' id='word_1_173' title='bbox 1067 2344 1102 2407; x_wconf 93' lang='lat' dir='ltr'>in</span> <span class='ocrx_word' id='word_1_174' title='bbox 1116 2357 1142 2398; x_wconf 76' lang='lat'>25</span> <span class='ocrx_word' id='word_1_175' title='bbox 1185 2355 1187 2360; x_wconf 87' lang='grc'><strong>’</strong></span> 
     </span>
     <span class='ocr_line' id='line_1_25' title="bbox 134 2426 1103 2511; baseline 0.001 -22"><span class='ocrx_word' id='word_1_176' title='bbox 134 2426 251 2490; x_wconf 89' lang='lat' dir='ltr'>uulnus</span> <span class='ocrx_word' id='word_1_177' title='bbox 273 2447 404 2491; x_wconf 89' lang='lat' dir='ltr'>manum</span> <span class='ocrx_word' id='word_1_178' title='bbox 418 2428 572 2511; x_wconf 86' lang='lat' dir='ltr'>perculsit</span> <span class='ocrx_word' id='word_1_179' title='bbox 594 2433 627 2492; x_wconf 89' lang='lat' dir='ltr'>ct</span> <span class='ocrx_word' id='word_1_180' title='bbox 641 2429 757 2494; x_wconf 85' lang='lat' dir='ltr'>tenuit.</span> <span class='ocrx_word' id='word_1_181' title='bbox 780 2429 844 2493; x_wconf 89' lang='lat' dir='ltr'>nisi</span> <span class='ocrx_word' id='word_1_182' title='bbox 859 2448 935 2492; x_wconf 86' lang='lat' dir='ltr'>uero</span> <span class='ocrx_word' id='word_1_183' title='bbox 950 2430 987 2491; x_wconf 92' lang='lat' dir='ltr'>tu</span> <span class='ocrx_word' id='word_1_184' title='bbox 1002 2430 1103 2508; x_wconf 90' lang='lat' dir='ltr'>tuum,</span> 
     </span>
     <span class='ocr_line' id='line_1_26' title="bbox 135 2510 1104 2597; baseline 0.002 -23"><span class='ocrx_word' id='word_1_185' title='bbox 135 2511 329 2576; x_wconf 86' lang='lat' dir='ltr'>uenerabilis</span> <span class='ocrx_word' id='word_1_186' title='bbox 350 2510 519 2597; x_wconf 84' lang='lat' dir='ltr'>Gratiana,</span> <span class='ocrx_word' id='word_1_187' title='bbox 545 2513 726 2579; x_wconf 84' lang='lat' dir='ltr'>carnificem</span> <span class='ocrx_word' id='word_1_188' title='bbox 747 2513 840 2579; x_wconf 87' lang='lat' dir='ltr'>furiis</span> <span class='ocrx_word' id='word_1_189' title='bbox 864 2512 1034 2577; x_wconf 85' lang='lat' dir='ltr'>comitatus</span> <span class='ocrx_word' id='word_1_190' title='bbox 1056 2511 1104 2576; x_wconf 89' lang='lat' dir='ltr'>ul·</span> 
     </span>
     <span class='ocr_line' id='line_1_27' title="bbox 134 2595 1105 2664; baseline 0 -5"><span class='ocrx_word' id='word_1_191' title='bbox 134 2596 268 2660; x_wconf 85' lang='lat' dir='ltr'>tricibus</span> <span class='ocrx_word' id='word_1_192' title='bbox 296 2595 465 2662; x_wconf 89' lang='lat' dir='ltr'>obsidebas</span> <span class='ocrx_word' id='word_1_193' title='bbox 493 2601 526 2662; x_wconf 85' lang='lat' dir='ltr'>et</span> <span class='ocrx_word' id='word_1_194' title='bbox 547 2598 630 2663; x_wconf 91' lang='lat' dir='ltr'>irata</span> <span class='ocrx_word' id='word_1_195' title='bbox 657 2619 695 2664; x_wconf 86' lang='lat' dir='ltr'>uc</span> <span class='ocrx_word' id='word_1_196' title='bbox 722 2599 832 2662; x_wconf 85' lang='lat' dir='ltr'>minax</span> <span class='ocrx_word' id='word_1_197' title='bbox 860 2598 974 2660; x_wconf 89' lang='lat' dir='ltr'>umbra</span> <span class='ocrx_word' id='word_1_198' title='bbox 999 2596 1040 2661; x_wconf 94' lang='lat' dir='ltr'>ob</span> <span class='ocrx_word' id='word_1_199' title='bbox 1068 2617 1105 2660; x_wconf 89' lang='lat' dir='ltr'>os</span> 
     </span>
    </p>
   </div>
   <div class='ocr_carea' id='block_1_3' title="bbox 136 2676 1105 2766">
    <p class='ocr_par' dir='ltr' id='par_1_3' title="bbox 136 2676 1105 2766">
     <span class='ocr_line' id='line_1_28' title="bbox 136 2676 1105 2766; baseline 0 -22"><span class='ocrx_word' id='word_1_200' title='bbox 136 2680 203 2744; x_wconf 89' lang='lat' dir='ltr'>eius</span> <span class='ocrx_word' id='word_1_201' title='bbox 232 2681 404 2765; x_wconf 89' lang='lat' dir='ltr'>oculosque</span> <span class='ocrx_word' id='word_1_202' title='bbox 425 2681 587 2746; x_wconf 86' lang='lat' dir='ltr'>fumantes</span> <span class='ocrx_word' id='word_1_203' title='bbox 615 2683 749 2746; x_wconf 87' lang='lat' dir='ltr'>infernis</span> <span class='ocrx_word' id='word_1_204' title='bbox 777 2676 909 2766; x_wconf 77' lang='lat' dir='ltr'>ignibus</span> <span class='ocrx_word' id='word_1_205' title='bbox 931 2681 1044 2745; x_wconf 82' lang='lat' dir='ltr'>taedas</span> <span class='ocrx_word' id='word_1_206' title='bbox 1072 2683 1105 2744; x_wconf 87' lang='lat' dir='ltr'>et</span> 
     </span>
    </p>
   </div>
   <div class='ocr_carea' id='block_1_4' title="bbox 131 2949 1105 3557">
    <p class='ocr_par' dir='ltr' id='par_1_4' title="bbox 131 2949 1105 3557">
     <span class='ocr_line' id='line_1_29' title="bbox 204 2949 1102 3020; baseline 0 -20"><span class='ocrx_word' id='word_1_207' title='bbox 204 2949 356 3002; x_wconf 80' lang='lat' dir='ltr'>2fortunis</span> <span class='ocrx_word' id='word_1_208' title='bbox 374 2955 473 3016; x_wconf 72' lang='lat' dir='ltr'>pauo</span> <span class='ocrx_word' id='word_1_209' title='bbox 502 2951 512 3017; x_wconf 77' lang='lat' dir='ltr'>[l</span> <span class='ocrx_word' id='word_1_210' title='bbox 542 2953 721 3018; x_wconf 76' lang='lat' dir='ltr'>bprecipitia</span> <span class='ocrx_word' id='word_1_211' title='bbox 738 2955 762 3002; x_wconf 77' lang='lat' dir='ltr'>A</span> <span class='ocrx_word' id='word_1_212' title='bbox 779 2968 817 3003; x_wconf 81' lang='lat' dir='ltr'>w:</span> <span class='ocrx_word' id='word_1_213' title='bbox 838 2953 962 3020; x_wconf 78' lang='lat' dir='ltr'>precipis</span> <span class='ocrx_word' id='word_1_214' title='bbox 979 2952 999 3002; x_wconf 80' lang='lat' dir='ltr'>B</span> <span class='ocrx_word' id='word_1_215' title='bbox 1018 2954 1035 3001; x_wconf 82' lang='lat' dir='ltr'>(l</span> <span class='ocrx_word' id='word_1_216' title='bbox 1054 2953 1076 3000; x_wconf 84' lang='lat' dir='ltr'>V</span> <span class='ocrx_word' id='word_1_217' title='bbox 1098 2949 1102 3016; x_wconf 88' lang='grc' dir='ltr'>Ι</span> 
     </span>
     <span class='ocr_line' id='line_1_30' title="bbox 135 3017 1105 3086; baseline 0 -18"><span class='ocrx_word' id='word_1_218' title='bbox 135 3018 204 3068; x_wconf 83' lang='lat' dir='ltr'>citra</span> <span class='ocrx_word' id='word_1_219' title='bbox 221 3021 330 3082; x_wconf 75' lang='lat' dir='ltr'>scripsi:</span> <span class='ocrx_word' id='word_1_220' title='bbox 354 3017 425 3068; x_wconf 88' lang='lat' dir='ltr'>ultra</span> <span class='ocrx_word' id='word_1_221' title='bbox 442 3021 470 3068; x_wconf 79' lang='grc' dir='ltr'>Ι</span> <span class='ocrx_word' id='word_1_222' title='bbox 487 3021 558 3071; x_wconf 87' lang='lat' dir='ltr'>ultro</span> <span class='ocrx_word' id='word_1_223' title='bbox 578 3025 663 3071; x_wconf 74' lang='lat' dir='ltr'>semet</span> <span class='ocrx_word' id='word_1_224' title='bbox 680 3022 773 3071; x_wconf 83' lang='lat' dir='ltr'>timuit</span> <span class='ocrx_word' id='word_1_225' title='bbox 794 3023 927 3073; x_wconf 76' lang='lat' dir='ltr'>Acidaliae</span> <span class='ocrx_word' id='word_1_226' title='bbox 950 3019 961 3086; x_wconf 79' lang='grc' dir='ltr'>ΙΙ</span> <span class='ocrx_word' id='word_1_227' title='bbox 985 3018 1105 3070; x_wconf 81' lang='lat' dir='ltr'>lleuior</span> 
     </span>
     <span class='ocr_line' id='line_1_31' title="bbox 134 3084 1104 3155; baseline 0.002 -21"><span class='ocrx_word' id='word_1_228' title='bbox 134 3086 173 3146; x_wconf 84' lang='lat' dir='ltr'>n,</span> <span class='ocrx_word' id='word_1_229' title='bbox 191 3088 299 3136; x_wconf 72' lang='lat' dir='ltr'>correxi</span> <span class='ocrx_word' id='word_1_230' title='bbox 327 3084 337 3149; x_wconf 83' lang='grc' dir='ltr'>ΙΙ</span> <span class='ocrx_word' id='word_1_231' title='bbox 366 3087 550 3138; x_wconf 74' lang='grc' dir='ltr'>θιιιιῐοίυεΔ</span> <span class='ocrx_word' id='word_1_232' title='bbox 579 3085 589 3154; x_wconf 79' lang='grc' dir='ltr'>ΙΙ</span> <span class='ocrx_word' id='word_1_233' title='bbox 620 3090 651 3138; x_wconf 96' lang='grc'>11</span> <span class='ocrx_word' id='word_1_234' title='bbox 675 3089 710 3138; x_wconf 89' lang='lat' dir='ltr'>ad</span> <span class='ocrx_word' id='word_1_235' title='bbox 728 3089 934 3155; x_wconf 79' lang='lat' dir='ltr'>suppliciumA</span> <span class='ocrx_word' id='word_1_236' title='bbox 964 3086 974 3153; x_wconf 80' lang='grc' dir='ltr'>ΙΙ</span> <span class='ocrx_word' id='word_1_237' title='bbox 1005 3088 1036 3136; x_wconf 76' lang='grc'>12</span> <span class='ocrx_word' id='word_1_238' title='bbox 1059 3101 1104 3136; x_wconf 85' lang='lat' dir='ltr'>ex-</span> 
     </span>
     <span class='ocr_line' id='line_1_32' title="bbox 134 3153 1104 3221; baseline 0 -18"><span class='ocrx_word' id='word_1_239' title='bbox 134 3157 246 3217; x_wconf 86' lang='lat' dir='ltr'>pectare</span> <span class='ocrx_word' id='word_1_240' title='bbox 264 3155 288 3202; x_wconf 82' lang='grc' dir='ltr'><strong>Δ</strong></span> <span class='ocrx_word' id='word_1_241' title='bbox 306 3153 396 3204; x_wconf 80' lang='lat' dir='ltr'>Bert:</span> <span class='ocrx_word' id='word_1_242' title='bbox 418 3169 465 3206; x_wconf 85' lang='lat' dir='ltr'>om.</span> <span class='ocrx_word' id='word_1_243' title='bbox 483 3157 502 3204; x_wconf 78' lang='lat' dir='ltr'>B</span> <span class='ocrx_word' id='word_1_244' title='bbox 521 3159 538 3206; x_wconf 81' lang='lat' dir='ltr'>(t</span> <span class='ocrx_word' id='word_1_245' title='bbox 555 3157 578 3204; x_wconf 77' lang='lat' dir='ltr'>V</span> <span class='ocrx_word' id='word_1_246' title='bbox 596 3156 724 3221; x_wconf 84' lang='lat' dir='ltr'>accipere</span> <span class='ocrx_word' id='word_1_247' title='bbox 742 3159 803 3208; x_wconf 81' lang='lat' dir='ltr'>add.</span> <span class='ocrx_word' id='word_1_248' title='bbox 821 3171 845 3206; x_wconf 83' lang='lat' dir='ltr'><strong>w</strong></span> <span class='ocrx_word' id='word_1_249' title='bbox 866 3171 940 3208; x_wconf 83' lang='lat' dir='ltr'>cera.</span> <span class='ocrx_word' id='word_1_250' title='bbox 959 3153 1104 3206; x_wconf 85' lang='lat' dir='ltr'>extendere</span> 
     </span>
     <span class='ocr_line' id='line_1_33' title="bbox 136 3219 1104 3290; baseline 0.002 -21"><span class='ocrx_word' id='word_1_251' title='bbox 136 3221 171 3270; x_wconf 89' lang='lat' dir='ltr'>ad</span> <span class='ocrx_word' id='word_1_252' title='bbox 189 3221 300 3286; x_wconf 81' lang='lat' dir='ltr'>plagam</span> <span class='ocrx_word' id='word_1_253' title='bbox 317 3223 383 3272; x_wconf 82' lang='lat' dir='ltr'>fort.</span> <span class='ocrx_word' id='word_1_254' title='bbox 402 3224 461 3278; x_wconf 82' lang='lat' dir='ltr'>edd.</span> <span class='ocrx_word' id='word_1_255' title='bbox 478 3221 488 3288; x_wconf 80' lang='lat' dir='ltr'>ll</span> <span class='ocrx_word' id='word_1_256' title='bbox 507 3227 540 3275; x_wconf 80' lang='lat'>13</span> <span class='ocrx_word' id='word_1_257' title='bbox 557 3220 691 3289; x_wconf 85' lang='lat' dir='ltr'>quomodo</span> <span class='ocrx_word' id='word_1_258' title='bbox 709 3226 856 3276; x_wconf 64' lang='lat' dir='ltr'>Liuineio:</span> <span class='ocrx_word' id='word_1_259' title='bbox 875 3224 981 3290; x_wconf 83' lang='lat' dir='ltr'>quando</span> <span class='ocrx_word' id='word_1_260' title='bbox 998 3221 1025 3272; x_wconf 77' lang='lat' dir='ltr'>ll</span> <span class='ocrx_word' id='word_1_261' title='bbox 1043 3219 1052 3286; x_wconf 90' lang='grc' dir='ltr'>ΙΙ</span> <span class='ocrx_word' id='word_1_262' title='bbox 1072 3223 1104 3272; x_wconf 81' lang='grc'>16</span> 
     </span>
     <span class='ocr_line' id='line_1_34' title="bbox 135 3286 1104 3357; baseline 0.002 -20"><span class='ocrx_word' id='word_1_263' title='bbox 135 3288 259 3338; x_wconf 86' lang='lat' dir='ltr'>aculeum</span> <span class='ocrx_word' id='word_1_264' title='bbox 277 3286 328 3352; x_wconf 75' lang='lat' dir='ltr'>&#39;ll</span> <span class='ocrx_word' id='word_1_265' title='bbox 349 3291 382 3340; x_wconf 76' lang='lat'>20</span> <span class='ocrx_word' id='word_1_266' title='bbox 399 3288 487 3342; x_wconf 90' lang='lat' dir='ltr'>leuior</span> <span class='ocrx_word' id='word_1_267' title='bbox 503 3293 539 3356; x_wconf 75' lang='grc' dir='ltr'>Ι,</span> <span class='ocrx_word' id='word_1_268' title='bbox 559 3294 667 3344; x_wconf 67' lang='lat' dir='ltr'>correxi</span> <span class='ocrx_word' id='word_1_269' title='bbox 682 3290 693 3357; x_wconf 81' lang='grc' dir='ltr'>ΙΙ</span> <span class='ocrx_word' id='word_1_270' title='bbox 710 3295 743 3343; x_wconf 75' lang='grc'>23</span> <span class='ocrx_word' id='word_1_271' title='bbox 760 3310 794 3342; x_wconf 82' lang='lat' dir='ltr'>an</span> <span class='ocrx_word' id='word_1_272' title='bbox 812 3293 947 3344; x_wconf 85' lang='lat' dir='ltr'>rationem</span> <span class='ocrx_word' id='word_1_273' title='bbox 965 3293 1026 3342; x_wconf 83' lang='lat' dir='ltr'>sui?</span> <span class='ocrx_word' id='word_1_274' title='bbox 1043 3288 1052 3355; x_wconf 90' lang='grc' dir='ltr'>ΙΙ</span> <span class='ocrx_word' id='word_1_275' title='bbox 1070 3291 1104 3340; x_wconf 80' lang='lat'>24</span> 
     </span>
     <span class='ocr_line' id='line_1_35' title="bbox 131 3354 1102 3426; baseline 0.001 -21"><span class='ocrx_word' id='word_1_276' title='bbox 131 3357 238 3421; x_wconf 80' lang='lat' dir='ltr'>primam</span> <span class='ocrx_word' id='word_1_277' title='bbox 256 3354 307 3406; x_wconf 86' lang='lat' dir='ltr'>illa</span> <span class='ocrx_word' id='word_1_278' title='bbox 324 3371 372 3407; x_wconf 88' lang='lat' dir='ltr'>om.</span> <span class='ocrx_word' id='word_1_279' title='bbox 392 3355 467 3410; x_wconf 77' lang='lat' dir='ltr'>Bere.</span> <span class='ocrx_word' id='word_1_280' title='bbox 492 3357 503 3424; x_wconf 76' lang='lat' dir='ltr'>ll</span> <span class='ocrx_word' id='word_1_281' title='bbox 526 3361 559 3410; x_wconf 80' lang='lat'>26</span> <span class='ocrx_word' id='word_1_282' title='bbox 577 3360 713 3426; x_wconf 77' lang='lat' dir='ltr'>percussit</span> <span class='ocrx_word' id='word_1_283' title='bbox 729 3363 771 3424; x_wconf 75' lang='grc' dir='ltr'>Ι,</span> <span class='ocrx_word' id='word_1_284' title='bbox 790 3375 858 3412; x_wconf 80' lang='lat' dir='ltr'>corr.</span> <span class='ocrx_word' id='word_1_285' title='bbox 877 3361 1015 3411; x_wconf 79' lang='lat' dir='ltr'>Liuineius.</span> <span class='ocrx_word' id='word_1_286' title='bbox 1043 3373 1102 3422; x_wconf 88' lang='lat' dir='ltr'>per-</span> 
     </span>
     <span class='ocr_line' id='line_1_36' title="bbox 135 3421 1103 3492; baseline 0 -19"><span class='ocrx_word' id='word_1_287' title='bbox 135 3421 202 3473; x_wconf 86' lang='lat' dir='ltr'>culit</span> <span class='ocrx_word' id='word_1_288' title='bbox 221 3423 369 3488; x_wconf 73' lang='lat' dir='ltr'>Seteffems</span> <span class='ocrx_word' id='word_1_289' title='bbox 384 3421 389 3489; x_wconf 88' lang='grc' dir='ltr'>Ι</span> <span class='ocrx_word' id='word_1_290' title='bbox 404 3429 435 3476; x_wconf 89' lang='lat' dir='ltr'>tu</span> <span class='ocrx_word' id='word_1_291' title='bbox 451 3442 498 3478; x_wconf 87' lang='lat' dir='ltr'>om.</span> <span class='ocrx_word' id='word_1_292' title='bbox 518 3427 551 3477; x_wconf 83' lang='lat' dir='ltr'>W</span> <span class='ocrx_word' id='word_1_293' title='bbox 574 3425 584 3492; x_wconf 90' lang='grc' dir='ltr'>ΙΙ</span> <span class='ocrx_word' id='word_1_294' title='bbox 607 3429 640 3480; x_wconf 79' lang='grc'>27</span> <span class='ocrx_word' id='word_1_295' title='bbox 658 3427 739 3478; x_wconf 82' lang='lat' dir='ltr'>iuriis</span> <span class='ocrx_word' id='word_1_296' title='bbox 757 3441 795 3477; x_wconf 80' lang='lat' dir='ltr'>w:</span> <span class='ocrx_word' id='word_1_297' title='bbox 814 3428 897 3480; x_wconf 88' lang='lat' dir='ltr'>durus</span> <span class='ocrx_word' id='word_1_298' title='bbox 913 3427 940 3478; x_wconf 82' lang='lat' dir='ltr'>ll</span> <span class='ocrx_word' id='word_1_299' title='bbox 958 3427 1025 3478; x_wconf 86' lang='lat' dir='ltr'>diris</span> <span class='ocrx_word' id='word_1_300' title='bbox 1043 3425 1103 3475; x_wconf 82' lang='lat' dir='ltr'>edd.</span> 
     </span>
     <span class='ocr_line' id='line_1_37' title="bbox 133 3487 442 3557; baseline 0.003 -16"><span class='ocrx_word' id='word_1_301' title='bbox 133 3487 142 3557; x_wconf 79' lang='grc' dir='ltr'>ΙΙ</span> <span class='ocrx_word' id='word_1_302' title='bbox 164 3493 442 3556; x_wconf 75' lang='lat' dir='ltr'>28acepc:om.1</span> 
     </span>
    </p>
   </div>
   <div class='ocr_carea' id='block_1_5' title="bbox 0 0 1298 3996">
    <p class='ocr_par' dir='ltr' id='par_1_5' title="bbox 0 0 1298 3996">
     <span class='ocr_line' id='line_1_38' title="bbox 0 0 1298 3996; baseline 0 0"><span class='ocrx_word' id='word_1_303' title='bbox 0 0 1298 3996; x_wconf 95' lang='lat' dir='ltr'> </span> 
     </span>
    </p>
   </div>
  </div>
 </body>
</html>
