2582 3992
433 197 593 247 nummo
612 197 645 246 n.
673 199 780 247 τες-τε.
1049 194 1089 258 73
1141 161 1143 166 ’

123 374 163 436 po
185 350 275 414 ulare
305 348 492 431 gratumque
520 344 739 425 audientihuS,
769 345 824 408 sed
847 346 921 429 quia
950 347 995 410 ita
1021 369 1090 411 sen·
1192 398 1193 401 η

124 373 235 499 tiehat.
279 434 407 496 tantum
434 430 631 515 dignatroms
659 452 694 492 m
716 450 786 512 rpso
808 428 928 494 honore
950 433 1091 515 ponebat

124 525 159 584 ut
185 539 252 583 non
280 515 418 600 amplius
447 535 515 578 esse
545 517 689 578 censeret
717 513 800 597 quod
827 515 941 598 aliquis
969 515 1091 601 collega

125 599 908 752 {pprffitpsspdppppptpuffiappppaappg
930 602 1024 748 thet
1050 602 1117 748 ih

124 773 267 856 reparari
288 771 459 833 uideretur.
505 767 575 851 quis
597 771 741 832 nostrum
764 767 847 830 idem
872 789 980 849 curae,
1006 770 1090 833 idem

126 851 249 921 sudoris
272 852 429 918 insumit?
474 855 545 936 quis
567 853 647 916 adeo
670 852 818 934 expetitis
841 851 1014 918 honoribus
1037 859 1092 918 aut

125 940 265 1006 deseruit
292 942 348 1002 eut
374 936 517 1001 sufficit?
561 939 592 1000 et
620 953 697 1000 sane
726 957 858 1020 aequum
887 941 937 1000 est
963 941 1091 1003 tantum

126 1026 239 1104 ceteris
262 1026 424 1108 praestare
454 1020 639 1085 consulibus
664 1021 769 1118 ipsum
798 1027 851 1105 qui
874 1023 1020 1086 consules
1043 1024 1091 1087 fa-

126 1111 182 1175 cit:
216 1108 340 1193 “quippe
369 1107 466 1171 etiam
493 1106 624 1170 fortuna
653 1106 822 1170 uidebatur
848 1107 1033 1192 indignum,
1064 1111 1090 1172 si
1105 1130 1130 1168 10

124 1197 234 1278 posset
255 1193 393 1257 honores
416 1190 491 1254 dare
515 1191 569 1274 qui
591 1212 702 1274 gerere
723 1212 789 1254 non
803 1195 921 1274 posset.
949 1193 1092 1258 facturus

126 1277 272 1344 consules
294 1278 409 1341 doceat
431 1275 671 1359 accepturisque
693 1275 922 1358 amplissimum
939 1276 1092 1341 honorem

124 1362 317 1448 persuadeat
344 1361 425 1425 scire
454 1381 487 1423 se
514 1359 590 1443 quid
618 1361 662 1423 sn
683 1362 766 1442 quod
789 1359 893 1423 dabit:
931 1361 976 1424 sic
998 1361 1035 1424 fit
1056 1367 1093 1426 ut

124 1448 170 1512 iIIi
194 1469 257 1532 quo
280 1468 319 1510 ue
342 1445 447 1510 sciant
468 1443 544 1527 quid
567 1444 758 1526 acceperint.

187 1531 244 1596 LX
279 1530 369 1596 VIII.
428 1528 497 1604 Quo
533 1528 647 1592 iustius
679 1532 811 1592 senatus
847 1531 894 1591 ut·
915 1531 1092 1614 susciperes
1106 1548 1130 1587 1⁵

124 1621 275 1700 quartum
307 1613 506 1678 consulatum
540 1615 573 1676 εὴ
601 1613 730 1696 rogauit
759 1615 792 1675 et
819 1613 921 1676 iussit.
965 1616 1093 1698 imperii

124 1701 187 1766 hoc
222 1700 371 1778 uerbum,
408 1718 477 1761 non
514 1695 707 1760 adulationis
744 1716 813 1760 esse
850 1697 1001 1781 obsequio
1037 1700 1092 1761 tuo

126 1785 232 1865 crede,
262 1784 347 1868 quod
375 1804 441 1847 non
464 1781 526 1845 aliu
553 1781 587 1844 in
609 1803 643 1844 re
665 1780 770 1864 magis
798 1782 854 1843 eut
870 1787 1004 1854 senatus
1030 1784 1094 1846 exi·

126 1892 202 1954 gere
228 1891 247 1932 s
271 1873 303 1932 te
325 1870 382 1931 aut
403 1871 437 1930 tu
458 1869 624 1949 praestare
652 1865 777 1928 senatui
799 1864 905 1928 debes.
949 1870 985 1928 ut
1007 1868 1093 1930 enim

127 1959 306 2019 ceterorum
333 1951 499 2016 hominurn
531 1950 578 2014 ita
604 1949 802 2033 principum,
836 1949 962 2013 illorum
995 1951 1091 2015 etiam
1106 1969 1131 2006 20

126 2039 180 2123 qui
203 2039 236 2102 di
258 2037 320 2101 sibi
342 2036 509 2116 uidentur,
539 2057 653 2098 aeuum
676 2055 771 2098 omne
799 2036 832 2097 εὴ
853 2034 949 2098 breue
975 2038 1008 2099 et
1029 2035 1094 2098 fra-

125 2124 190 2208 gile
213 2125 272 2187 est.
316 2121 424 2205 itaque
452 2120 607 2203 optimum
636 2139 792 2203 quemque
820 2119 882 2183 niti
911 2123 944 2183 et
965 2123 1094 2184 conten-

126 2211 200 2272 dere
226 2207 319 2271 decet
347 2211 385 2269 ut
412 2208 487 2288 post
516 2225 550 2268 se
578 2225 702 2288 quoque
731 2203 778 2266 rei
806 2204 953 2286 publicae
982 2206 1093 2288 prout,

125 2290 354 2357 moderationis
382 2290 504 2354 scilicet
526 2288 729 2371 iustitiaeque
757 2288 981 2370 monimentis,
1013 2310 1094 2373 quae

125 2377 265 2461 plurima
284 2377 424 2439 statuere
447 2373 557 2438 consul
572 2375 687 2455 potest.
716 2371 796 2435 haec
818 2394 934 2457 nempe
955 2373 1133 2437 intention

126 2469 181 2526 tua
210 2464 249 2525 ut
277 2460 458 2523 libertatem
486 2478 615 2521 reuoces
645 2478 683 2521 ao
710 2455 852 2520 reduces.
897 2477 990 2541 quem
1018 2479 1095 2542 ergo

125 2546 283 2610 honorem
310 2544 415 2628 magis
444 2563 567 2623 amare,
597 2542 681 2625 quod
703 2562 820 2604 nomen
847 2562 1001 2624 usurpare
1028 2563 1095 2605 sae·

126 2632 198 2714 pius
227 2629 323 2693 debes
353 2649 447 2712 quam
477 2625 562 2711 quod
590 2626 728 2709 primum
755 2626 882 2690 inuenit
910 2630 1096 2710 recuperate

125 2713 285 2779 libertas?
333 2733 401 2776 non
429 2715 478 2776 est
504 2712 610 2774 minus
640 2711 734 2774 ciuile
762 2713 794 2774 et
820 2710 997 2794 principem
1027 2733 1095 2774 esse

126 2799 247 2882 pariter
276 2800 309 2861 et
336 2797 496 2861 consulem
526 2816 621 2878 quam
643 2796 769 2858 tuntum
798 2794 968 2858 consulem.
1013 2795 1095 2858 habe
1108 2813 1134 2851 30

127 2884 225 2947 etiam
247 2883 407 2946 rationem
429 2879 640 2944 uerecundiae
664 2878 856 2960 collegarum
873 2882 1010 2958 tuorum,
1034 2879 1096 2942 col-

126 2968 273 3052 legarum
301 2967 449 3050 inquam:
485 2963 532 3026 ita
557 2962 643 3026 enim
670 2961 792 3044 etipse
815 2961 952 3045 loqueris
981 2964 1014 3024 et
1035 2983 1096 3026 nos

199 3193 230 3242 10
250 3187 345 3252 etiem]
364 3202 441 3238 omne
459 3190 476 3236 (I
493 3184 503 3252 I
523 3187 551 3235 11
571 3185 660 3250 possit
676 3187 765 3247 priore
783 3187 838 3234 Ioco
855 3186 892 3241 Μ,
915 3200 983 3234 corr.
1003 3199 1019 3250 ς
1035 3182 1045 3249 ΙΙ
1067 3187 1096 3235 12

129 3262 347 3323 acceptumque
359 3257 395 3314 1,
415 3271 484 3306 corr.
499 3255 645 3306 Catanacus
657 3250 667 3318 I
680 3254 712 3301 19
724 3256 754 3300 tu
767 3253 827 3301 add.
841 3250 996 3302 sichardus:
1011 3269 1056 3302 om.
1069 3255 1097 3301 u

131 3321 143 3388 II
169 3327 200 3374 21
226 3339 325 3374 aeuum
350 3323 509 3373 Calanaeus:
534 3336 651 3385 aequum
671 3321 698 3367 Μ
722 3317 732 3384 I
755 3320 788 3369 25
812 3319 930 3384 plurima
956 3320 1098 3370 Gesnerus:

128 3392 255 3455 primoli
271 3391 275 3456 Ι
290 3395 368 3456 potes
386 3392 492 3453 Lipsius
504 3387 514 3454 [Ι
527 3391 560 3440 30
579 3394 685 3438 tantum
705 3387 799 3436 consul
812 3389 829 3435 c
847 3387 852 3449 Ι
865 3386 934 3436 habe
954 3388 1097 3436 Liuineius:

127 3459 212 3509 habes
230 3461 257 3507 Μ
289 3457 300 3524 ΙΙ
333 3461 362 3510 31
387 3457 466 3508 uerba
484 3455 669 3507 uerecundiae
690 3481 723 3490 -
746 3456 791 3518 76,
813 3456 843 3503 12
861 3454 996 3520 principis
1016 3460 1098 3518 atque

127 3527 204 3577 habet
222 3527 246 3574 B
