2586 3996
293 200 506 252 THEODOSIO
527 199 698 252 AUGUSTO
717 199 751 250 D.
774 202 880 251 19-21,
1011 198 1074 262 289

12 405 13 412 ,
107 352 235 434 eiusque
256 350 447 433 inpatientia
470 351 536 413 sint
560 350 661 413 coacti
683 352 757 432 post
777 349 946 414 bellatores
962 349 1072 413 Tullos
1161 389 1166 398 -

12 459 21 498 ρ’
108 435 289 518 Numaeque
313 434 471 498 sacrificos
499 437 531 497 et
553 433 707 497 Romulos
734 432 913 498 conditores
935 455 1072 518 regnum

12 599 19 635 ²
107 605 250 686 quinium
276 603 475 666 execratione
495 605 657 686 postrema

15 547 21 582 ³
107 519 273 602 usquead
295 538 413 582 nomen
437 516 552 582 odisse.
598 518 672 581 deni
694 539 732 581 ue
755 519 859 600 ipsum
880 517 972 581 illum
995 517 1071 581 Tar-

673 539 738 665 boe
760 601 951 666 damnauere
976 601 1071 666 male-

13 731 15 754 2
107 687 190 751 dicto
226 691 264 751 ut
298 687 459 750 hominem
496 687 629 750 libidine
666 687 890 770 praecipitem,
935 686 1097 750 auaritia⁵

108 792 251 853 caccum,
276 771 449 835 immanem
473 771 676 853 crudelitate,
699 771 805 834 furore
827 769 996 834 uecordem
1018 792 1071 834 uo·

12 903 15 906 -
107 857 249 920 cauerint
277 856 465 940 superbum3
503 859 535 919 et
561 857 757 938 putauerunt
790 855 936 918 sufficere
965 857 1071 918 conui-

107 940 199 1003 cium.
230 940 313 1022 quod
336 941 439 1022 siper
461 961 566 1003 rerum
587 942 737 1003 naturam
751 939 861 1002 liceret
883 943 918 1002 ut
939 939 993 1002 ille
1009 937 1071 1002 Poo-

105 1045 218 1087 manae
241 1023 397 1088 libertatis
420 1028 566 1106 assertor,
589 1024 670 1108 regii
692 1023 832 1088 nominis
848 1023 967 1088 Brutus
990 1044 1070 1106 osor,
1163 1061 1165 1066 ·

104 1109 263 1191 precariae
299 1107 440 1172 redditus
476 1109 563 1172 uitae
599 1109 762 1172 saeculum
797 1111 889 1172 tuum
927 1109 1071 1171 cerneret
1085 1125 1109 1164 10

104 1192 217 1255 studiis
239 1192 366 1256 uirtutis
389 1193 602 1276 parsimoniae
624 1191 832 1256 humanitatis
855 1192 1011 1255 imbutum
1034 1213 1070 1254 ac

104 1277 275 1358 refertum,
298 1278 422 1340 nullum
445 1281 513 1340 toto
536 1277 611 1339 orbe
632 1279 790 1340 terrarum
811 1276 979 1359 superbiae
1001 1275 1069 1338 libi-

104 1360 188 1424 dinis
218 1360 416 1423 crudelitatis
447 1364 554 1423 extare
584 1359 771 1442 uestigium,
811 1359 876 1422 iam
904 1362 936 1422 te
965 1358 1070 1441 ipsum

104 1465 167 1528 qua
185 1443 312 1527 publice
335 1465 398 1526 qua
416 1444 568 1526 priuatim
592 1443 736 1529 [uideret]
758 1443 935 1526 priscorum
953 1443 1069 1506 duritia

105 1530 230 1610 ducum,
255 1527 403 1592 castitate
425 1527 624 1611 pontificum,
652 1527 818 1591 consulum
841 1527 1067 1608 moderatione,
1083 1545 1108 1585 15

103 1614 276 1695 petitorum
298 1612 447 1676 comitate
470 1611 649 1675 uiuentem:
673 1615 809 1675 mutaret
830 1612 975 1695 profecto
999 1633 1069 1675 sen·

12 1775 14 1778 v
102 1697 239 1760 tentiam
261 1699 354 1760 tanto
376 1699 451 1780 post
478 1717 568 1760 suam
591 1699 639 1779 et,
669 1717 741 1760 cum
763 1695 942 1760 Romanam
965 1695 1069 1779 digni-

13 1859 14 1862 *
103 1783 202 1844 tatem
226 1803 263 1844 oc
285 1781 464 1844 libertatem
481 1780 631 1864 probaret
652 1780 784 1844 meliore
806 1781 841 1843 in
863 1783 949 1844 statu
970 1779 1068 1863 impe-

102 1867 208 1929 ratore
235 1868 268 1928 te
297 1886 365 1928 esse
391 1886 485 1948 quam
514 1865 643 1929 consule
672 1886 705 1928 se
732 1864 861 1946 fuisset,
890 1864 1068 1928 necessario

102 1949 260 2013 fateretur
265 1949 473 2033 Tarquinium
485 1948 667 2013 submoueri
677 1949 834 2031 debuisse,
846 1970 912 2013 non
923 1970 1067 2033 regnum.
1082 1967 1107 2006 20

166 2032 255 2098 XXI.
309 2033 372 2098 Sed
399 2032 482 2118 qnod
510 2034 617 2099 facere
644 2055 780 2118 magnas
807 2034 902 2097 urbes
930 2033 1068 2117 ingressi

102 2118 256 2200 solemus,
284 2121 320 2182 ut
342 2118 480 2203 primum
507 2141 615 2184 sacras
640 2119 733 2183 aedes
761 2121 794 2183 et
816 2118 921 2182 dicata
943 2117 1069 2181 numini

102 2223 225 2264 summo
253 2203 383 2266 delubra
410 2205 564 2286 uiuamus,
593 2207 662 2267 tum
687 2203 758 2266 fora
784 2205 879 2285 atque
900 2202 1069 2287 gymnasia

101 2288 135 2349 et
155 2306 214 2368 pro
243 2286 308 2348 suis
336 2290 466 2349 extenta
488 2288 663 2369 porticibus
689 2287 872 2350 ambulacra
900 2287 1066 2350 miremur:

100 2370 148 2433 ita
173 2370 208 2432 in
231 2368 378 2433 laudibus
399 2370 463 2433 tuis
489 2373 619 2434 sanctos
641 2370 758 2434 Palatii
785 2371 866 2433 ritus
896 2374 928 2434 et
953 2369 1066 2453 priscis
1081 2385 1106 2426 aa

99 2453 268 2537 aequanda
295 2454 496 2518 caerimoniis
524 2454 673 2518 instituta
701 2455 846 2518 uenerati
868 2453 1003 2539 gradum
1027 2453 1066 2517 ad

100 2538 157 2602 illa
178 2538 377 2621 proferemus
399 2561 480 2623 qnae
502 2539 538 2603 in
559 2539 663 2604 medio
687 2539 861 2604 constitdta
889 2542 922 2603 et
948 2539 989 2602 ad
1011 2561 1067 2622 pu·
1137 2593 1139 2596 .

99 2622 201 2688 blicos
235 2625 322 2688 uisus
347 2625 492 2708 patentia
524 2646 592 2688 non
619 2625 718 2708 parti,
753 2623 807 2688 sed
836 2625 870 2687 in
900 2644 1067 2688 commune

100 2707 292 2790 conducunt,
314 2731 374 2772 nee
394 2708 582 2792 parietibus,
607 2709 662 2771 sed
684 2708 760 2772 orbe
784 2706 984 2788 clauduntur,
1007 2727 1067 2770 nec

99 2791 202 2869 tecto,
226 2791 280 2854 sed
303 2792 391 2856 caelo
413 2793 609 2875 operiuntur.
648 2793 736 2856 uelut
757 2792 896 2874 primum
918 2789 996 2854 illud
1020 2792 1106 2854 estro

169 2978 403 3045 2mumasqueA
431 2978 441 3044 ΙΙ
471 2979 670 3044 3Tarquinum
687 2981 715 3029 1
744 2977 754 3044 ΙΙ
783 2974 932 3043 theadi
955 2979 1066 3028 damna·

98 3061 167 3096 nere
185 3060 222 3096 w:
243 3045 340 3098 damna
357 3062 391 3098 ue
408 3047 764 3097 adamnauerunraev
788 3045 798 3113 ΙΙ
826 3048 966 3098 batert
985 3061 1066 3097 uoca-

98 3116 192 3164 uerint
215 3117 363 3166 Acidaliae:
386 3120 414 3164 et
431 3141 464 3150 —
481 3119 655 3166 uocauerunt
676 3119 704 3164 Η
733 3113 743 3180 ΙΙ
772 3118 788 3166 9
812 3121 934 3166 assertor
954 3116 990 3163 A:
1019 3129 1065 3167 om.

96 3183 119 3230 B
138 3183 155 3228 0
175 3183 196 3230 V
213 3182 247 3231 W
265 3189 347 3235 autor
364 3184 423 3233 add.
443 3196 468 3230 w
483 3183 488 3245 Ι
503 3184 611 3233 nomine
628 3184 652 3231 A
710 3187 741 3234 14
761 3182 869 3232 uideret
885 3184 979 3234 seclusi
1035 3184 1066 3233 19

97 3247 556 3314 fuissetedd.:fuisse1(fuisse
576 3249 654 3313 seB)
684 3249 689 3316 1
713 3253 746 3302 20
762 3251 930 3316 Tarquinum
948 3252 976 3297 Η
1033 3252 1066 3299 22

97 3319 196 3367 sacras
215 3318 279 3368 edes
296 3333 332 3368 w:
354 3333 431 3369 sacra
450 3319 561 3369 sanese
580 3333 672 3370 sacras
691 3318 771 3369 sedes
788 3318 872 3367 BtV
892 3316 902 3384 ΙΙ
922 3319 956 3368 24
975 3317 1065 3368 ambu-

96 3384 178 3450 lagra
195 3386 223 3434 1
244 3383 254 3451 ΙΙ
278 3388 309 3437 22
327 3387 491 3452 proferimus
507 3387 543 3450 1,
563 3389 675 3438 correxi.
693 3386 863 3452 proferamus
882 3387 958 3436 Aeid.
975 3384 979 3445 Ι
998 3392 1025 3434 et
1042 3386 1066 3433 Δ

96 3451 190 3503 Bere:
209 3469 255 3505 om.
273 3455 293 3503 B
312 3455 329 3504 0
347 3455 369 3502 V
385 3454 419 3503 W
434 3453 444 3520 ΙΙ
465 3455 498 3505 28
515 3456 592 3505 uisus
609 3456 719 3520 carpsi:
736 3469 802 3505 usus
820 3455 847 3503 Π
862 3451 867 3520 Ι
882 3453 1008 3520 patentia
1027 3465 1066 3499 w:

95 3521 235 3584 patientia
252 3524 294 3572 uel
310 3523 447 3588 pacientia
464 3524 491 3572 Π
508 3523 643 3573 facientia
661 3524 720 3573 edd.

144 3613 233 3654 Pane.
246 3623 300 3656 aar.
879 3611 911 3658 19
