2586 3996
295 217 634 272 GRAT1ARUMAOT10
652 219 814 273 ruumuo
835 224 910 274 r—a.
1023 221 1085 286 251

120 367 286 430 sublimem
323 388 388 431 non
425 389 483 452 per
520 369 759 452 cuiusquemodi
796 365 890 454 agros
921 365 1086 438 frumenta

120 453 341 548 spargentem,
370 452 434 549 sed·
447 453 601 550 Romanis
624 454 749 537 oppidis
772 457 872 518 bonas
895 477 967 540 spes
989 457 1086 554 liber-

119 536 1086 708 illectiaatritissimalatinitat

119 707 213 790 fugas
237 705 448 791 [formidines]
473 707 698 772 obserentem?
722 725 724 732 “
1098 731 1110 770 s

181 788 239 853 IX.
289 789 358 853 Iam
386 791 480 874 quale
508 791 587 856 illud
615 791 678 856 luit
704 792 787 876 quod
809 791 954 857 Histrum
982 793 1085 858 adhuc

6 889 11 902 ’
116 875 278 958 nauigans
300 874 456 940 beneficia
478 879 533 940 tua
561 898 660 960 usque
687 877 725 941 ad
749 876 919 961 Hadriam,
948 877 1084 962 Tyrrhe-

118 981 210 1040 num,
239 958 447 1024 Mareoticum
470 961 683 1046 porrigebas?
726 963 780 1027 illo
803 963 873 1044 ipso
897 963 982 1026 enirn
1004 967 1083 1027 tem-

117 1064 194 1126 pore
227 1043 324 1107 leuati
359 1066 511 1128 equorum
544 1046 655 1128 pretiis
691 1047 872 1110 enormibus
904 1046 1082 1129 Dalmatae,

116 1127 270 1211 Epirotae
293 1129 332 1192 ad
354 1130 470 1194 incitas
492 1131 687 1195 intolerandi
702 1131 815 1194 tributi
837 1131 921 1195 mole
943 1133 1084 1215 depressi
1097 1154 1122 1193 ιο

117 1212 328 1295 prouidentia,
351 1214 534 1297 imperator,
558 1219 614 1278 tua
635 1237 700 1279 non
715 1215 809 1278 modo
831 1216 976 1279 miserias
992 1239 1083 1280 exue-

117 1300 207 1378 runt,
238 1297 293 1360 sed
315 1299 453 1380 amplam
481 1299 578 1362 etiam
602 1303 697 1381 atque
719 1299 903 1381 opulentam
931 1299 1083 1364 reduxere

116 1383 287 1445 fortunam.
325 1382 401 1444 urbs
423 1381 604 1464 Nicopolis,
627 1404 722 1466 quam
745 1383 837 1445 diuus
859 1385 1026 1467 Augustus
1048 1386 1081 1448 iu

116 1468 359 1528 monumentum
382 1465 534 1529 Actiacae
556 1465 710 1531 uictoriae
733 1465 879 1549 trophaei
906 1468 1008 1532 instar
1030 1491 1083 1532 ex·

115 1552 273 1629 traxerat,
302 1549 337 1612 in
358 1550 466 1613 ruinas
488 1549 700 1614 lacrimabiles
722 1573 823 1634 prope
846 1555 914 1615 tota
937 1553 1122 1618 concide-15

116 1638 183 1698 rat:
215 1634 341 1698 lacerae
362 1634 518 1698 nobilium
540 1634 665 1714 domus,
693 1635 762 1698 sine
784 1637 877 1699 tectis
899 1636 983 1721 fora,
1006 1638 1083 1702 iam-

117 1719 234 1782 dudum
262 1719 584 1802 aquarumductibus
610 1720 824 1803 pessumdatis
846 1721 942 1803 plena
969 1726 1084 1786 cuncta

3 1857 5 1872 ,
115 1803 271 1886 squaloris
313 1806 346 1866 et
380 1803 532 1886 pulueris.
583 1807 744 1868 certamen
780 1805 938 1868 ludicrum
973 1806 1083 1872 lustris

116 1887 264 1951 omnibus
298 1887 428 1952 solitum
455 1888 651 1972 frequentari
684 1889 901 1954 intermiserat
929 1891 1082 1973 temporis

1 1958 18 1980 ’
114 1972 230 2035 maesti
245 1971 385 2036 deforme
400 1973 567 2036 iustitium.
595 1975 684 2057 ipsae
703 1973 776 2037 illae
792 1973 949 2038 bonarum
964 1977 1082 2038 artium
1096 1996 1121 2035 ιο

115 2057 289 2141 magistrae
323 2061 355 2121 et
387 2058 582 2121 inuenirioes
616 2058 765 2123 Athenae
802 2079 928 2122 omnem
961 2060 1082 2124 cultum

114 2142 241 2224 publice
277 2142 491 2227 priuatimque
533 2143 747 2224 perdiderant.
798 2144 832 2207 in
868 2145 1082 2209 miserandam

114 2227 240 2287 ruinam
274 2227 457 2291 conciderat
489 2227 650 2291 Eleusina.
700 2229 753 2291 sed
789 2229 953 2292 uniuersas
988 2230 1081 2293 urbes

115 2331 174 2392 ope
202 2309 402 2390 imperatoris
435 2310 556 2373 refotas
584 2333 770 2375 enumerare
797 2312 987 2409 perlongum
1016 2319 1080 2378 est:

114 2394 196 2456 seire
222 2393 300 2456 satis
329 2398 378 2458 est
405 2399 537 2457 cunctas
566 2394 789 2478 Macedoniae,
825 2395 959 2480 lllyr1ci,
990 2397 1120 2462 Pelo-as

113 2477 244 2560 ponessi
279 2477 425 2542 ciuitates
461 2479 533 2542 unis
567 2484 623 2543 aut
655 2480 739 2544 binis
773 2481 918 2562 epistulis
951 2481 1082 2546 maximi

112 2562 316 2644 imperatoris
349 2563 549 2647 repentinam
579 2564 720 2630 induisse
752 2566 881 2628 nouatis
913 2568 1081 2631 moenibus
1170 2642 1173 2648 Δ

113 2646 323 2728 iuuentatem,
347 2669 445 2732 aquas
465 2648 543 2712 locis
567 2650 714 2713 omnibus
736 2652 869 2732 scatere,
892 2672 973 2733 quae
987 2651 1081 2734 paulo

112 2735 188 2794 ante
219 2731 307 2795 arida
340 2735 372 2796 et
399 2733 452 2796 siti
480 2732 668 2796 anhelantia
697 2734 899 2815 uisebantur,
931 2756 968 2797 ea
996 2756 1082 2798 nuno

184 2938 197 2983 l
219 2933 355 2984 sublimen
373 2937 405 2983 W
425 2933 430 2997 l
451 2935 635 2986 cuiuscemodi
652 2939 675 2986 A
692 2940 712 2987 B
730 2939 753 2986 V
768 2939 843 2989 Bere.
862 2936 992 2986 eiusmodi
1010 2940 1026 2986 c
1044 2952 1080 2998 w3

111 3018 182 3056 corr.
199 3003 409 3067 Eyssenhardtus
438 3000 448 3067 ΙΙ
477 3006 493 3051 4
516 3003 603 3054 solum
621 3018 659 3053 w:
687 3005 770 3055 solem
787 3008 815 3053 H
844 3003 854 3070 ss
883 3009 898 3055 b
921 3005 1081 3056 formidines

110 3073 207 3120 seclusi
230 3069 241 3135 H
271 3070 510 3134 ithyrreniumll
541 3069 550 3135 ΙΙ
579 3072 794 3123 Smereoticum
811 3087 841 3122 n:
859 3073 1036 3122 mareoticum
1053 3075 1082 3121 Π

111 3138 188 3188 Bert.
206 3136 375 3202 (meroticum
393 3137 430 3202 m)
450 3139 674 3190 moeoticum-w
706 3139 710 3204 Ι
742 3141 791 3190 illo
809 3141 870 3204 ipso
889 3156 949 3206 epo:
976 3140 1036 3204 ipso
1054 3143 1083 3189 Μ

111 3221 146 3256 eo
170 3205 229 3270 ipso
252 3209 293 3256 uel
313 3206 373 3271 ipso
395 3221 416 3260 e.
434 3204 482 3255 illo
501 3207 628 3271 Jaeperus
657 3205 667 3272 11
698 3210 729 3257 12
752 3208 886 3258 reduxere
898 3209 1015 3271 ‘scripsi:
1041 3223 1082 3258 re·

109 3287 213 3322 uexere
231 3275 258 3321 Ι
276 3289 404 3338 reperere
423 3287 448 3324 w
468 3270 478 3337 ΙΙ
502 3276 535 3324 20
553 3275 715 3325 iustiticium
731 3275 755 3324 Δ
777 3274 787 3340 ΙΙ
810 3277 843 3326 23
861 3275 998 3326 occiderat
1015 3276 1048 3325 W
1067 3274 1079 3342 ll

110 3343 146 3388 24
164 3355 246 3404 opere
265 3343 293 3389 Ι
322 3340 332 3406 11
361 3344 394 3391 25
412 3341 586 3406 peloponessi
603 3343 648 3396 W:
670 3343 848 3408 peloponessi
864 3343 887 3392 A
905 3341 1082 3408 peloponnesi

108 3408 209 3458 BGV
239 3405 249 3472 ΙΙ
278 3411 310 3458 26
333 3410 396 3459 unis
419 3413 467 3458 aut
491 3410 563 3459 binis
588 3407 652 3476 (seq.
676 3427 729 3462 rus.
752 3409 845 3475 eliu.)
863 3411 909 3460 W:
939 3413 987 3460 uni
1010 3427 1081 3462 sam·

1 3483 2 3540 l
108 3475 226 3526 binisb
243 3475 264 3525 B
282 3477 305 3526 V
321 3478 370 3527 uni
389 3478 450 3528 nnis
469 3481 518 3528 aut
536 3477 609 3528 binis
628 3479 761 3530 sambinis
779 3481 797 3527 (l
820 3475 833 3556 Ι[
860 3480 893 3529 28
911 3480 1081 3530 iuuentutem

108 3543 259 3593 Bcvw
