2582 3992
466 161 626 216 TRAIANO
644 162 678 217 n.
715 164 825 215 er-eo.
1092 161 1133 226 83

163 313 213 396 est
240 331 379 378 neeesse.
416 309 551 376 iustisne
578 311 616 376 de
644 312 746 377 causis
776 315 905 376 sanatus
934 312 1132 398 populusque

162 394 327 460 Romanus
350 395 463 493 optimi
484 395 544 460 tibi
566 416 742 481 cognomen
759 396 897 461 adiecit?
927 399 1076 480 paratum
1100 397 1131 462 id
1200 397 1201 400 ’

165 479 293 565 quidem
315 482 349 544 et
369 502 403 544 11
432 481 537 544 medio
565 481 720 565 positum,
749 502 868 544 nouum
898 484 1017 550 tamen.
1049 483 1132 546 scias

160 565 323 631 nemiuem
340 568 416 629 ante
430 565 594 650 meruisse,
612 567 696 650 quod
708 586 774 630 non
787 568 857 630 erat
871 566 1130 650 excogitandum,

161 649 188 714 si
218 650 289 733 quis
318 649 495 716 meruisset.
533 672 575 716 an
607 651 706 715 satius
741 650 803 714 fuit
835 649 961 716 felicem
994 651 1157 716 uocare?s

160 734 245 819 quod
268 755 335 798 non
357 733 510 818 moribus,
540 735 594 800 sed
622 734 770 799 fortunae
799 735 908 800 datum
936 736 1001 800 est:
1032 735 1131 818 satius

160 818 340 904 magnum?
364 819 414 884 eui
435 819 507 902 plus
529 817 672 884 inuidiae
688 841 782 904 quam
797 818 1023 904 pulcritudinis
1038 821 1147 885 inest

161 902 329 1000 adoptauit
350 907 382 969 te
404 904 543 988 optimus
570 905 720 988 princeps
748 905 782 989 in
813 925 915 989 suurn,
947 907 1074 970 senalus
1097 906 1132 969 in

160 989 275 1072 optimi
296 1009 423 1053 nomen.
454 989 515 1054 hoe
537 989 598 1053 tibi
626 991 693 1054 tam
720 990 885 1074 proprium
908 1011 1003 1074 quam
1025 992 1130 1074 pater-

158 1095 254 1156 num3
282 1093 343 1138 nec
365 1073 469 1158 magis
497 1072 650 1152 distincte
679 1073 872 1158 definiteque
900 1074 1050 1160 designat
1076 1075 1130 1160 qui
1144 1093 1169 1134 ιο

159 1155 334 1222 Traianum
357 1179 451 1242 quam
475 1157 529 1242 qui
552 1159 707 1242 optimum
731 1159 882 1243 appellat,
911 1163 947 1222 ut
969 1159 1046 1224 olim
1069 1159 1131 1224 111-

159 1241 292 1327 galitate
326 1241 475 1328 Pisones,
510 1243 669 1326 sapientia
701 1243 817 1327 Laelii,
852 1244 973 1328 pietate
1007 1243 1130 1308 Metelli

159 1327 433 1392 monstrabantur.
471 1348 551 1411 quae
573 1327 669 1392 simul
691 1329 801 1392 omnia
829 1349 893 1392 uno
916 1328 978 1392 isto
1000 1328 1131 1393 nomine

136 1411 379 1476 ·oontinentur.
417 1433 477 1476 111
500 1413 602 1477 uideri
616 1415 732 1496 ¹potest
758 1411 898 1496 optimus
919 1411 982 1476 nisi
1006 1413 1059 1496 qui
1082 1414 1131 1479 est

159 1496 308 1560 omnibus
330 1497 459 1580 optimis
479 1496 515 1561 in
536 1518 593 1562 sua
613 1497 766 1582 cuiusque
788 1497 881 1562 laude
902 1497 1125 1582 praestantior.
1141 1515 1166 1556 15

158 1579 274 1645 merito
297 1580 357 1645 tibi
381 1602 457 1680 ergo
480 1585 555 1665 post
576 1583 697 1646 ceteras
720 1581 953 1666 appellationes
975 1582 1055 1646 haec
1078 1585 1128 1647 est

157 1663 269 1730 addita
296 1668 334 1729 ut
360 1687 471 1731 mmor.
507 1667 613 1730 minus
642 1670 692 1730 est
724 1667 810 1730 enim
841 1666 1066 1750 imperatorem
1095 1669 1127 1730 et

158 1749 329 1816 Gaesarem
349 1753 381 1815 et
396 1751 577 1836 Angustum
597 1771 693 1835 quam
714 1751 862 1815 omnibus
882 1751 1126 1834 imperatoribus

157 1837 191 1900 et
217 1833 408 1901 Caesaribus
436 1839 468 1900 et
495 1836 546 1900 Au
593 1836 651 1900 stis
687 1857 755 1900 esse
783 1835 955 1900 meliorem.
993 1835 1126 1919 ideoque

156 1916 211 1984 ille
225 1941 343 2017 parens
358 1919 523 1986 hominum
560 1941 733 2003 eorumque
754 1918 866 2004 optimi
887 1920 987 2004 prius,
1010 1918 1124 1984 deinde
1138 1937 1163 1978 so

155 2004 287 2070 memmi
316 2005 447 2069 nomine
477 2005 602 2070 colitur.
640 2025 702 2090 quo
736 2005 929 2090 praeclarior
960 2004 1028 2069 laus
1056 2007 1122 2087 tua,

156 2111 250 2173 quem
273 2110 340 2154 non
362 2090 468 2154 minus
492 2091 618 2155 constat
638 2090 794 2173 optimum
817 2111 885 2155 esse
908 2111 1004 2174 quam
1025 2089 1124 2153 maxi-

154 2196 252 2239 mum.
284 2177 448 2240 assecutus
477 2194 510 2239 es
537 2196 655 2239 nomen
682 2175 766 2260 quod
794 2175 833 2238 ad
861 2175 959 2240 alium
986 2174 1124 2239 transire

155 2279 221 2324 non
243 2259 357 2344 possit,
385 2259 449 2324 nisi
466 2263 504 2324 ut
526 2264 678 2344 appareat
704 2259 739 2323 in
766 2258 852 2323 bono
879 2259 1026 2343 principe
1048 2258 1123 2323 alie·

154 2365 242 2428 num,
264 2345 301 2408 in
322 2344 407 2408 malo
430 2344 557 2429 falsum,
580 2344 664 2429 quod
679 2344 755 2409 licet
769 2365 880 2409 omnes
899 2347 1012 2428 postea
1032 2365 1122 2408 usur·
1134 2358 1160 2401 15

153 2432 250 2512 pent,
281 2449 406 2512 semper
435 2430 544 2494 tamen
573 2431 765 2514 agnoscetur
796 2431 834 2492 ut
866 2431 982 2510 tuum„
1003 2428 1123 2492 etenim

154 2516 192 2578 ut
223 2513 354 2578 nomine
387 2514 527 2598 Augusti
559 2515 768 2578 admonemur
801 2513 868 2577 eius
902 2513 952 2579 oui
984 2513 1123 2597 primum
1154 2521 1160 2530 '
1187 2555 1189 2560 =
1282 2503 1283 2506 ¹

154 2597 297 2664 dicatum
324 2602 388 2682 est,
423 2597 470 2662 ita
495 2597 575 2664 haec
603 2598 716 2683 optimi
744 2597 917 2682 appellatio
947 2618 1122 2682 numquam

153 2682 325 2748 memoriae
352 2682 520 2748 hominum
548 2683 616 2748 sine
649 2687 682 2748 11
715 2687 875 2766 recurret,
911 2683 1122 2768 quotiensque

154 2769 273 2850 posteri
307 2767 410 2831 nostri
445 2769 601 2852 optimum
636 2768 773 2852 aliquem
807 2788 920 2831 uocare
955 2772 1120 2851 cogentur,
1134 2783 1161 2826 ao

153 2852 274 2917 totiens
296 2852 551 2917 recordabuntur
573 2852 643 2935 quis
665 2851 817 2916 meruerit
839 2851 956 2916 uocari.

208 2934 386 3001 LXXXIX.
400 2937 527 3013 Quanto
538 2958 634 3018 nuno,
647 2937 719 3000 diue
731 2935 851 3019 Nerua,
867 2934 984 3020 gaudio
996 2933 1120 3014 frueris,

156 3041 227 3086 oum
238 3021 328 3085 uides
339 3024 371 3086 et
382 3043 450 3087 esse
464 3021 619 3105 optimum
635 3024 668 3086 et
684 3021 747 3085 dici
758 3041 852 3105 quem
864 3023 1029 3108 tamquam
1041 3020 1121 3102 opti-

155 3127 241 3169 mum
273 3106 416 3204 elegisti!
447 3129 541 3191 quam
568 3106 689 3170 laetum
716 3105 777 3171 tibi
806 3105 889 3188 quod
919 3107 1121 3188 comparatus

155 3189 220 3254 lilio
235 3193 291 3254 tuo
306 3191 460 3257 urnoerisl
490 3213 594 3276 neque
616 3191 701 3255 enim
722 3191 786 3254 alio
806 3189 910 3276 magis
925 3188 1121 3272 approbatur
1133 3205 1158 3248 11

155 3314 356 3326 —n--a-—o——u-

222 3367 320 3417 tanta
339 3371 365 3416 te
384 3378 487 3430 meng
515 3362 525 3428 ΙΙ
555 3365 586 3414 10
603 3363 774 3428 diffiniteque
792 3364 820 3411 Μ
848 3361 858 3427 ΙΙ
893 3363 924 3411 14
941 3362 996 3412 1111
1013 3363 1058 3425 qui
1077 3365 1121 3412 est

157 3430 280 3483 omnihus
298 3431 413 3500 Joptimis
432 3433 461 3480 c:
482 3432 537 3482 nisi
561 3432 607 3496 qni
630 3435 673 3480 est
695 3431 811 3498 optimus
830 3430 870 3494 W,
895 3447 941 3482 om.
960 3429 980 3478 B
996 3429 1019 3476 V
1048 3427 1058 3492 l
1087 3431 1119 3480 33

156 3497 210 3549 dici
229 3500 507 3567 tanquamroptimum
527 3514 606 3564 quam
626 3497 658 3549 el.
678 3500 696 3547 0

882 3584 916 3632 68
