2572 3990
179 189 231 242 XX
557 189 771 245 PRAEFATIO.

177 343 226 418 M;
249 365 279 426 p.
299 345 368 416 106,
385 345 404 404 5
421 345 612 425 ‘petendum’
624 347 725 406 Bart:
747 346 935 426 ‘petendam’
951 345 999 423 at,
1024 367 1053 426 p.
1072 349 1143 420 135,
1253 387 1254 394 κ

180 430 219 488 26
242 427 367 489 ‘fecisti'
384 432 484 490 Baras
507 429 632 492 ‘uicisti'
646 429 694 506 13
719 452 750 511 p.
767 431 838 503 141,
855 431 894 490 26
911 429 1028 494 ‘laude’
1044 434 1145 491 Bari..-

177 510 255 594 ‘rep
277 513 382 576 laude’
404 514 438 577 lt
459 533 499 576 ex
522 515 739 595 dittographia.
760 548 803 559 -
822 515 896 575 hino
917 516 1146 577 Bertiniensem

179 615 218 659 ex
240 596 351 664 eodem
372 618 433 678 quo
453 598 487 661 nt
514 599 618 660 codice
642 599 829 679 descriptum
854 619 921 664 esse
942 609 1028 682 puto.
1072 621 1145 661 nam

178 702 219 742 ne
247 684 314 766 quis
341 683 428 745 illurn
453 686 577 744 tertium
603 683 761 764 quoddam
784 683 961 764 Mogontini
988 685 1146 766 exemplar

179 785 247 828 esse
270 768 435 840 existImet,
466 769 559 828 mirus
582 775 664 830 certe
686 769 809 830 uidetur
830 788 898 830 esse
921 768 1051 830 duorum
1071 789 1144 849 apo·

178 849 363 932 graphorum
392 846 434 930 (A
461 859 491 912 et
511 850 678 932 Aurispae)
707 854 739 912 in
767 860 812 912 tot
839 854 915 914 locis
944 875 983 914 ex
1006 854 1040 914 n
1067 854 1145 917 false

180 935 340 1015 descriptis
362 955 542 1000 consensus.

242 1017 307 1080 Sed
326 1021 375 1080 fao
395 1041 433 1083 ex
452 1021 556 1101 aliquo
572 1019 694 1082 Galliae
713 1019 828 1100 angulo
850 1041 1040 1083 communem
1058 1021 1145 1094 illum

178 1104 382 1164 Bertiniensis
404 1113 436 1164 et
456 1105 634 1184 Mogontini
656 1104 774 1166 fontem
795 1105 828 1164 in
849 1105 950 1166 lucem
973 1124 1143 1185 emergere:

177 1197 212 1250 ut
239 1187 278 1250 de
310 1189 469 1250 nonnullis
497 1190 571 1250 locis
605 1190 717 1250 certius
745 1188 890 1250 iudicium
919 1190 1001 1253 ferre
1028 1191 1144 1264 liceret,

177 1273 222 1334 ita
249 1273 283 1332 in
309 1274 487 1334 uniuersum
516 1274 641 1336 easdem
668 1282 761 1356 atque
785 1273 832 1335 illi
859 1275 1048 1354 corruptelas
1070 1295 1145 1354 prae

178 1377 213 1417 se
236 1357 339 1418 ferret.
383 1359 526 1422 nimirum
553 1378 592 1420 ex
612 1359 739 1436 ingenio
764 1358 968 1437 repetendum
991 1368 1037 1420 est
1060 1361 1144 1419 auxi-

177 1441 253 1502 lium
280 1450 315 1501 ut
341 1462 414 1502 suus
447 1443 494 1502 his
523 1443 731 1524 panegyristis
764 1441 913 1505 reddatur
944 1443 1037 1502 nitor.
1081 1462 1144 1522 quo

178 1524 367 1586 emendandi
394 1528 519 1604 negotio
548 1549 616 1587 cum
637 1527 754 1588 honore
782 1527 882 1586 functi
903 1535 976 1587 sunt
1004 1547 1043 1587 ex
1064 1527 1144 1605 prio·

177 1610 262 1674 ribus
285 1630 352 1674 cum
375 1609 597 1692 cuspinianus,
620 1612 804 1684 Rhenanus,
828 1610 1000 1684 Puteanus,
1025 1608 1144 1671 Grono-

178 1697 262 1768 uius,
290 1693 466 1770 Acidalius,
495 1697 732 1770 Rittershusius,
762 1693 927 1767 Gruterus,
960 1693 1145 1767 Schefferus,

178 1789 253 1854 tum,
275 1780 329 1860 qni
344 1800 423 1840 unus
443 1781 499 1841 hos
515 1801 620 1844 omnes
636 1782 755 1862 ingenii
777 1781 916 1840 acumine
931 1781 1036 1853 anteit,
1060 1779 1145 1840 Liui-

178 1866 278 1926 neius.
305 1874 411 1924 nostra
431 1873 532 1925 aetate
551 1866 735 1926 FrancIscus
749 1863 1000 1940 Eyssenhardtus
1022 1865 1055 1922 in
1075 1885 1144 1942 pro·

179 1956 346 2028 grammate
366 1948 562 2010 Berolinensi
583 1968 610 2007 a.
628 1951 709 2008 1867
731 1956 762 2008 et
776 1949 942 2007 Mauricius
956 1943 1144 2027 Hauptius*)

179 2035 212 2093 in
228 2032 321 2092 uariis
336 2031 471 2093 Hermae
486 2032 654 2092 fascisculis
669 2031 766 2092 bonas
782 2032 900 2110 aliquot
915 2029 1146 2092 emendationes

179 2116 382 2197 protulerunt.
408 2117 475 2194 ipse
490 2116 529 2177 de
545 2116 765 2176 nonnullorum
779 2117 914 2175 locorum
930 2115 1146 2175 emendatione

180 2203 230 2280 egi
258 2202 291 2260 in
317 2200 414 2261 musei
435 2199 583 2261 Rhenani
608 2201 669 2264 nol.
692 2199 821 2262 XXVII
847 2220 879 2280 p.
903 2200 1081 2262 215-225.
1105 2233 1144 2242 -

180 2293 316 2346 ceterum
342 2285 376 2345 in
402 2284 461 2344 hac
489 2285 626 2346 editione
648 2284 799 2366 philologi
820 2292 940 2345 tantum
960 2291 1063 2362 partes
1091 2285 1145 2343 im·

179 2370 266 2449 plere
292 2368 413 2446 studui3
448 2389 515 2430 mec
543 2379 695 2452 apparatu
722 2369 865 2431 instructi
892 2389 948 2428 suo
976 2367 1146 2448 fungantur

182 2454 282 2514 officio
309 2453 457 2518 historici.
507 2454 716 2515 excludendas
749 2462 851 2513 autem
882 2453 990 2533 putaui
1022 2452 1060 2512 ab
1087 2453 1146 2512 hac

180 2537 374 2618 praefatione
394 2539 590 2618 quaestiones
612 2557 692 2618 quae
714 2537 754 2596 ad
768 2537 960 2616 singularum
974 2535 1147 2596 orationum

181 2631 331 2698 auctores,
355 2621 396 2684 ad
417 2622 520 2683 studia
542 2642 653 2696 eorum,
678 2623 807 2682 maxime
829 2618 1032 2682 Ciceroniana
1052 2629 1146 2698 etque

181 2707 373 2788 Uergiliana,
390 2707 512 2786 aliaque
523 2708 714 2790 pertineant:
731 2706 791 2766 alio
807 2704 936 2765 fortasse
950 2703 1027 2764 haec
1043 2706 1146 2764 omnia

181 2813 250 2853 cum
272 2811 343 2851 cura
364 2791 623 2872 perscrutabimur
644 2799 791 2871 tempore.

246 2875 309 2938 Sed
330 2879 485 2956 quoniam,
509 2896 576 2936 cum
588 2874 617 2937 Δ
630 2876 728 2938 Ionae
750 2873 891 2935 conferre
910 2872 1027 2942 liceret,
1050 2869 1148 2931 Plinii

181 2963 388 3050 panegyricus
408 2965 469 3023 iam
482 2963 647 3042 impressus
667 2969 741 3034 erat,
764 2959 816 3019 hic
828 2957 930 3019 saltim
944 2955 1026 3016 illius
1040 2955 1146 3015 lectio-

249 3209 274 3274 ⁸)
304 3226 384 3276 quam
407 3214 435 3262 in
457 3213 572 3264 Hermae
595 3209 650 3261 uol.
667 3209 735 3260 VIII
758 3225 783 3274 p.
808 3207 856 3257 178
879 3204 914 3257 ad
937 3222 963 3270 p.
987 3204 1034 3266 IV,
1055 3205 1073 3254 4
1095 3205 1148 3254 ‘ir-

183 3282 309 3345 rogaret’
335 3282 469 3344 prompsit
491 3277 723 3338 emendationem,
745 3276 817 3326 hanc
841 3273 942 3324 oblitus
960 3275 1019 3322 erat
1038 3270 1081 3320 uir
1097 3269 1147 3323 ille

183 3345 360 3398 doctissimus
381 3348 437 3397 iarn
455 3347 560 3399 duobus
583 3344 665 3396 annis
687 3348 752 3394 ante
775 3358 792 3392 a
813 3355 856 3391 me
874 3340 892 3392 l.
909 3340 928 3390 l.
953 3339 1055 3391 editam
1077 3353 1147 3391 esse.

183 3415 257 3466 idem
275 3413 347 3480 qnod
363 3413 401 3470 ib.
414 3431 440 3479 p.
454 3417 502 3466 1⁵18
516 3413 551 3470 id
561 3411 673 3464 Florum
684 3409 811 3476 protulit,
829 3408 859 3460 id
878 3423 895 3461 a
913 3422 953 3459 mo
971 3409 1148 3471 praeceptum

185 3487 228 3534 est
244 3480 468 3532 in*·Fleckeiseni
487 3497 550 3532 ann.
570 3481 648 3543 1872,
667 3494 692 3545 p.
711 3481 753 3530 51.
