2572 3990
486 218 707 274 PRAEFATIO.
1032 223 1084 276 XV

112 375 153 434 25
177 374 208 430 ‘a
229 393 278 432 me
300 373 359 432 hoc
379 374 548 453 praecipue
570 373 628 432 hoc
650 375 721 452 piae
743 375 828 434 uocis
851 375 1007 435 officium'.
1054 385 1085 436 st

111 460 145 518 in
172 457 222 517 his
251 457 376 536 quidem
404 459 466 518 iam
486 473 517 518 w
544 457 648 536 priora
674 458 729 517 illa
756 458 919 518 ‘omnibus'
949 468 980 520 et
1002 460 1084 520 ‘hoc'

112 551 198 602 recte
221 541 348 602 deleuit.
377 542 434 614 sed
454 541 568 600 talibus
581 542 658 600 locis
681 562 749 601 cum
772 544 946 622 corruptela
967 545 1001 604 in
1017 564 1086 624 pro-

113 627 220 706 patulo
244 635 338 699 esset,
367 627 428 687 iam
450 627 483 685 in
505 625 530 684 B
553 624 574 686 ὓ
595 625 622 685 V
645 627 795 686 alterutra
818 647 856 686 ex
878 627 1005 688 uocibus
1030 627 1086 688 dit-

112 710 274 790 tographis
301 711 396 772 tacite
424 711 536 770 omissa
564 721 625 782 est,
662 730 846 789 quamquam
873 731 937 771 uon
956 709 1087 792 'semper

113 803 209 856 recta.
251 797 297 856 ita
317 817 348 874 p.
373 796 448 868 118,
473 795 512 852 12
535 793 561 853 B
583 792 605 854 0
627 792 655 853 V
677 795 751 855 ‘scio
774 795 851 856 hacc
874 797 1015 875 inquam,
1039 798 1088 856 uir

113 879 216 960 perf.',
240 888 272 939 at
286 878 315 939 A
328 879 369 940 w
384 877 439 956 (=
452 876 499 951 11)
524 878 599 938 ‘scio
622 878 679 939 hec
702 881 827 958 inquam
849 880 906 941 hec
928 883 978 941 uir
992 881 1085 960 perf!

113 964 256 1037 tradunt,
285 964 370 1025 unde
392 963 607 1042 corrigendum
630 973 696 1024 orat
719 964 805 1038 ‘ecio,
828 965 963 1043 inquam,
986 965 1110 1026 haec'.'

113 1068 206 1129 porro
229 1068 258 1126 p.
282 1051 353 1121 160,
380 1050 417 1106 11
440 1047 467 1106 B
486 1046 549 1107 GV
571 1048 716 1108 ‘subitam
738 1048 863 1108 dicendi
885 1049 1086 1124 facultatem',

115 1132 144 1193 Δ
166 1132 311 1194 ‘subitam
333 1131 459 1192 dicendi
481 1132 658 1193 facultatem
673 1132 812 1192 dicendi'
836 1134 961 1211 legunt,
985 1143 1017 1194 et
1030 1134 1089 1193 hoc

115 1216 242 1296 quidem
263 1218 296 1278 iu
311 1217 345 1277 m
368 1217 505 1277 extitisse
528 1224 662 1277 testatur
675 1215 723 1292 W,
748 1219 780 1277 in
803 1238 863 1296 quo
885 1227 956 1298 post
979 1218 1086 1278 ‘facul-

114 1304 223 1362 tatem'
246 1321 354 1362 rasura
374 1309 495 1381 septem
516 1301 686 1361 litterarum
709 1310 769 1374 est,
800 1301 884 1363 unde
907 1305 1011 1382 priore
1033 1323 1087 1382 po·

115 1388 178 1446 tius
201 1384 352 1446 ‘dicendi’
376 1385 479 1446 deleto
508 1385 654 1446 ‘subitam
676 1385 735 1446 fac.
759 1385 896 1446 ‹licendi'
919 1387 1088 1448 rescribere

116 1469 221 1530 debui.
254 1469 310 1530 sed
332 1471 393 1530 iam
415 1471 449 1530 in
472 1471 539 1548 ipso
561 1468 717 1548 Aurispae
740 1471 908 1551 exemplari
930 1472 1006 1532 talia
1028 1490 1089 1532 me·

116 1556 220 1615 delam
242 1563 331 1614 erant
352 1573 461 1634 passa;
488 1555 573 1614 cuius
595 1555 640 1614 rei
661 1555 938 1616 luculentissimum
959 1556 1090 1636 praebet

116 1639 292 1717 exemplum
316 1659 345 1718 p.
369 1640 444 1711 162,
470 1639 507 1696 15
536 1636 713 1717 ‘generauit
741 1639 842 1698 adhuc
863 1648 929 1700 toto
958 1658 1090 1720 corpore

116 1725 254 1803 uigens’,
290 1723 344 1783 ubi
370 1722 395 1784 B
418 1721 439 1782 (l
460 1720 489 1781 V
510 1721 549 1783 W
577 1723 652 1782 ‘toto
681 1721 782 1782 adhuc
810 1725 960 1801 corpore',
1002 1724 1090 1783 ath

118 1810 201 1869 ‘toto
230 1807 330 1867 adhuc
357 1815 423 1867 toto
451 1807 596 1885 corpore’
632 1805 763 1879 habent,
803 1826 895 1885 quam
928 1806 1090 1888 archetypi

116 1894 304 1970 scripturam
332 1912 396 1951 non
422 1900 506 1950 recte
534 1892 642 1970 utique
669 1890 836 1950 correxisse
858 1891 1026 1970 Aurispam
1052 1911 1091 1952 ex

119 1975 228 2038 codice
251 1976 454 2050 Bertiuieusi,
479 1974 518 2034 de
541 1995 610 2053 quc¹
624 1977 727 2035 statim
751 1975 924 2048 disseretur,
950 1985 1091 2055 apparet.

120 2061 204 2122 idem
224 2061 333 2121 uitium
354 2061 485 2119 fortasse
506 2080 536 2139 p.
555 2061 625 2132 156,
644 2061 683 2118 13
700 2071 731 2120 et
747 2061 817 2132 189,
836 2062 853 2118 7
877 2059 952 2120 alibi
975 2059 1091 2120 subest.

146 2161 148 2166 “
185 2144 255 2206 Scio
278 2144 345 2204 fore
366 2145 420 2224 qui
436 2145 586 2204 mirentur
607 2143 691 2222 quod
714 2163 778 2202 non
793 2142 908 2224 ubique
931 2145 1092 2225 archetypi

119 2229 153 2289 ot
175 2229 369 2290 lectionesA
390 2231 521 2288 maxime
545 2237 575 2287 et
590 2227 629 2289 W
649 2227 736 2288 libris
760 2229 881 2288 innisus
905 2230 1024 2290 omissis
1047 2249 1092 2290 re·

120 2315 276 2393 liquorum
296 2313 322 2373 B
344 2312 365 2373 (l
386 2311 414 2372 V
435 2313 620 2376 testImouiis
646 2313 839 2374 restituerim.
884 2312 940 2373 sed
963 2315 1094 2392 primum

122 2398 231 2459 necA
259 2398 406 2458 uitiorum
433 2397 552 2458 scribae
581 2398 671 2476 culpa
699 2399 926 2457 commissorum
951 2399 1093 2458 immunis

122 2503 182 2544 nec
203 2482 243 2544 W
269 2483 391 2562 integer
416 2492 473 2542 est.
524 2481 638 2542 deinde
666 2501 741 2543 uero
775 2503 839 2541 non
866 2490 987 2542 tantum
1019 2482 1095 2542 mihi

123 2567 240 2646 sumpsi
268 2576 303 2626 ut
331 2567 470 2626 omnibus
498 2568 573 2627 loeis
602 2567 677 2646 quid
706 2569 738 2626 in
765 2566 799 2626 11
827 2567 921 2627 fuerit
947 2568 1094 2646 scriptum

124 2672 181 2731 pro
206 2659 288 2711 certo
310 2651 502 2724 affirmarem,
527 2672 594 2712 cum
609 2653 789 2730 praesertim
808 2653 884 2711 uiris
901 2651 998 2712 doctis
1013 2652 1094 2712 hanc

124 2754 238 2794 nouam
268 2735 307 2794 do
336 2734 492 2796 codicibus
522 2735 762 2815 disputationem
791 2737 844 2796 uel
872 2735 1095 2815 comprobandi

125 2819 179 2880 uel
201 2819 367 2880 refellendi
381 2820 513 2879 facultas
535 2840 599 2880 non
624 2818 692 2878 dari
705 2822 840 2898 potuerit
862 2822 923 2879 nisi
942 2822 1095 2897 integram

125 2904 269 2964 lectionis
291 2906 473 2965 uarietatem
497 2903 683 2962 exhibendo.
718 2903 851 2980 denique
874 2903 932 2963 hoc
954 2903 1094 2964 conside-

126 2988 257 3048 randum
281 2996 356 3048 erat.
385 3008 453 3047 cum
476 2989 558 3047 enim
580 2985 654 3045 mihi
676 3005 732 3064 pro
754 2989 830 3046 meis
849 2986 968 3046 uiribus
983 2987 1095 3050 Italiae

127 3081 248 3132 tantum
271 3071 521 3150 Germaniaeque
541 3069 746 3131 bibliothecas
772 3072 957 3149 perscrutari
978 3072 1095 3146 liceret,

128 3175 145 3214 e
173 3177 206 3216 re
234 3158 335 3216 uisum
362 3165 408 3216 est
435 3164 469 3214 ut
497 3157 526 3215 ei
553 3157 607 3235 qui
634 3163 752 3216 ceteras
776 3155 936 3233 Europae,
964 3157 1096 3216 maxime

126 3240 316 3314 Parisiuam,
343 3239 546 3300 bibliothecas
568 3238 802 3320 peruectigandi
824 3259 934 3299 munus
957 3249 1027 3319 post
1048 3260 1098 3301 me

127 3325 275 3404 suscipiet
303 3333 449 3404 suppetat
476 3334 655 3405 apparatus,
687 3345 806 3404 exque
835 3325 884 3384 cui
905 3325 1097 3404 potissimum

129 3409 221 3468 classi
247 3429 348 3469 nouus
369 3410 501 3488 quisque
522 3408 602 3468 liber
628 3407 911 3468 sit-adscribendus
935 3407 1098 3468 diiudicari

128 3494 237 3571 possit.
265 3493 377 3572 quodsi
399 3495 448 3553 cui
466 3493 628 3571 contigerit
643 3494 796 3572 Aurispae
819 3492 1003 3572 exemplaris
1026 3511 1097 3570 apo·
