2572 3990
219 211 262 278 52
541 215 563 266 1.
596 214 627 266 o.
643 213 759 267 rmuu
776 213 856 264 esu.

220 385 280 428 nec
306 363 443 428 fascium
470 366 596 427 tantum
624 362 679 427 sed
705 363 845 446 pilorum
877 364 1104 448 signorumque
1131 363 1190 427 ho-

221 469 300 512 nore
317 448 556 513 circumdatum.
583 447 746 532 augebant
760 448 959 513 maiestatem
975 447 1189 531 praesidentis

222 533 340 597 diuersi
357 532 591 616 postulantium
613 531 741 596 habitus
765 553 802 596 ac
815 532 963 596 dissonae
985 553 1080 596 uoces
1102 553 1188 596 rara-

221 639 282 701 que
308 618 376 682 sine
398 617 573 700 interprete
595 616 708 680 oratio.
749 616 956 700 magnificum
988 620 1037 680 est
1065 616 1189 680 ciuibus

195 702 300 781 siura,
324 700 399 786 quid
421 701 566 765 hostibus
589 699 742 765 reddere?
780 701 959 784 speciosum
983 704 1103 764 certam
1125 701 1190 764 fori

221 807 344 869 pacem,
372 785 449 868 quid
476 785 633 848 immanes
657 806 785 868 campos
814 784 891 849 sella
918 785 1019 850 curuli
1041 786 1188 850 uictoris-

98 879 104 887 '
141 888 163 920 a*
222 891 283 954 que
305 870 444 954 uestigio
466 890 621 952 premere,
643 869 810 937 imminere
836 869 1015 934 minacibus
1036 870 1116 953 ripis
1138 871 1190 934 tu-

221 957 290 1018 tum
312 954 527 1039 quietumque,
556 975 707 1037 spernere
733 953 886 1018 barbaros
915 953 1062 1018 fremitus
1089 954 1190 1018 hosti-

220 1038 347 1122 lemque
368 1042 522 1102 terrorem
537 1056 603 1102 non
626 1059 787 1102 armorum
801 1039 905 1123 magis
920 1059 1015 1122 quam
1037 1043 1190 1136 togarum

184 1123 438 1186 sustentatione
455 1123 678 1207 compescere?
701 1123 810 1206 itaque
824 1144 892 1186 non
913 1125 946 1186 te
968 1124 1053 1208 apud
1075 1124 1189 1208 imagi·
1268 1151 1272 1160 ·

222 1228 290 1290 nes,
315 1205 371 1271 sed
393 1207 498 1290 ipsum
519 1210 722 1290 praesentem
744 1206 987 1291 audientemque
1009 1207 1189 1272 consaluta-

221 1291 302 1355 bant
337 1292 578 1374 imperatorem,
615 1308 818 1376 nomenque,‘
849 1292 933 1376 quod
969 1291 1024 1355 alii
1061 1292 1189 1356 domitis

219 1375 376 1456 hostibus,
399 1379 436 1440 tu
458 1375 648 1460 contemptis
670 1375 844 1458 merebare.
1279 1445 1281 1456 ⁴

283 1459 385 1524 LVII.
408 1459 497 1524 Haec
517 1461 586 1532 laus
608 1460 672 1525 acti
694 1459 891 1544 consulatum
913 1460 971 1524 illa
992 1459 1081 1545 dilati
1104 1459 1190 1543 quod

183 1562 207 1602 15
222 1543 326 1608 adhuc
347 1543 442 1608 initio
464 1544 673 1629 principatus,
695 1547 732 1609 ut
752 1546 996 1609 iamexouratus
1011 1544 1188 1610 honoribus

222 1631 254 1692 et
276 1628 431 1712 expletus,
454 1631 657 1694 consulatum
678 1630 844 1711 recusasti,
868 1649 962 1712 quem
988 1629 1067 1692 noui
1087 1629 1188 1713 impe-

219 1715 342 1778 ratores
370 1714 564 1778 destinatum
591 1713 663 1778 aliis
696 1715 732 1778 in
764 1735 797 1778 se
830 1713 1075 1778 transferebant.
1125 1713 1189 1777 fuit

220 1798 317 1861 etiarn
339 1799 449 1882 quiin
470 1798 670 1882 principatus
693 1799 742 1862 sui
769 1798 832 1863 fine
855 1798 1065 1880 consulatum,
1093 1817 1189 1881 quem

221 1881 350 1946 dederat
371 1883 449 1966 ipse,
472 1904 591 1967 magna
613 1905 651 1946 ax
672 1888 766 2030 qarte
787 1883 852 1947 iam
874 1885 1002 1968 gestum
1024 1888 1189 1965 extorque·
1280 1879 1281 1898 *

182 1985 207 2025 ao
220 1970 270 2030 ret
292 1970 324 2030 et
346 1967 481 2049 raperet.
508 1965 568 2030 hoc
584 1987 660 2050 ergo
699 1988 807 2048 onore,
831 1989 925 2050 quem
940 1970 973 2033 et
994 1967 1187 2050 incipientes

220 2050 382 2133 principes
410 2052 442 2113 et
469 2049 651 2114 desinentes
677 2051 756 2115 adeo
778 2051 1011 2136 concupiscunt
1037 2055 1074 2115 ut
1102 2051 1190 2116 aufe·
1279 2049 1280 2054 ’

168 2137 171 2144 ’
220 2138 305 2215 rant,
328 2137 365 2196 tu
386 2133 487 2197 otioso
509 2155 547 2198 ac
569 2137 704 2198 uacante
726 2135 861 2220 priuatis
884 2135 1019 2200 cessisti.
1050 2135 1187 2200 inuidio-

176 2251 178 2256 ,
220 2237 317 2282 susne
345 2220 414 2281 erat
440 2221 497 2282 aut
525 2217 585 2282 tibi
612 2220 726 2283 tertius
758 2220 943 2284 consulatus
966 2223 1022 2284 aut
1050 2219 1189 2304 principi

219 2301 364 2384 primus?
395 2323 471 2366 nam
493 2301 665 2368 secundum
688 2305 864 2388 imperator
885 2304 1025 2389 quidem,
1048 2305 1109 2368 sub
1131 2305 1189 2368 im-

182 2403 208 2444 as
221 2389 367 2468 peratore
394 2390 506 2451 tamen
533 2387 632 2471 inisti,
661 2387 804 2473 nihilque
833 2389 986 2473 imputari
1013 2390 1048 2452 in
1066 2409 1107 2472 ¹eo
1137 2389 1190 2452 uel

220 2469 337 2535 honori
358 2474 466 2554 potest
482 2472 532 2536 uel
554 2474 699 2556 exemplo
714 2474 779 2537 uisi
801 2474 996 2558 obsequium.
1033 2472 1080 2536 ita
1101 2494 1189 2556 uero,

222 2574 302 2637 quae
333 2555 445 2619 ciuitas
475 2557 643 2639 quinquies
671 2560 766 2640 atque
794 2559 890 2622 etiarn
919 2559 1019 2622 sexies
1043 2556 1191 2622 consules

221 2638 312 2720 uidit,
334 2659 400 2702 non
421 2638 493 2704 illos
516 2641 571 2723 qui
593 2641 759 2723 expirante
782 2642 845 2706 iarn
868 2643 1016 2707 libertate
1044 2663 1102 2724 per
1124 2642 1191 2705 uim

222 2742 259 2786 ac
280 2722 454 2787 tumultum
477 2724 678 2807 creabantur,
701 2726 756 2790 sed
779 2727 893 2810 quibus
916 2726 1065 2811 sepositis
1088 2728 1121 2790 et
1137 2727 1191 2790 ab·
1276 2741 1277 2768 ι

184 2825 209 2864 ³0
223 2808 367 2872 sentibus
396 2807 432 2871 in
460 2830 534 2872 rura
562 2830 619 2873 sua
642 2811 826 2874 consulatus
848 2811 1043 2893 ferebantur,
1072 2811 1107 2874 in
1130 2810 1190 2875 hac

222 2891 354 2957 ciuitate
375 2893 506 2957 tertium
523 2892 722 2959 consulatum
743 2895 893 2978 princeps
906 2895 1035 2980 generis
1057 2894 1190 2958 humani

223 2979 259 3038 ut
280 2998 489 3061 praegrauem
512 2979 689 3043 recusasti?
726 2983 861 3044 tantone
880 2979 1017 3062 Papiriis
1039 2980 1136 3043 etiam
1159 2983 1192 3043 et

223 3058 363 3134 Quintiis
396 3061 590 3127 moderatior
617 3065 783 3148 Augustus
819 3067 851 3128 et
877 3063 996 3129 ansar
1029 3067 1062 3127 et
1097 3066 1192 3147 pater

291 3264 307 3313 5
325 3263 384 3314 fore
401 3265 453 3314 BV
466 3263 504 3330 116
522 3262 630 3332 pacem]
650 3270 757 3332 partem
775 3267 806 3317 P.
820 3267 907 3318 Faber
920 3265 930 3334 ΙΙ
943 3269 974 3318 11
994 3267 1191 3319 consultabant

223 3331 241 3376 c
270 3326 280 3394 ΙΙ
311 3332 342 3380 15
362 3337 507 3383 excuratus
524 3336 634 3398 scripsi:
654 3340 801 3385 excusatus
817 3337 846 3382 H
870 3335 1027 3386 exsatiatus
1047 3335 1122 3400 timp.
1136 3332 1146 3401 ΙΙ
1160 3338 1191 3385 17

224 3395 309 3447 fuerit
326 3399 347 3446 B
364 3395 374 3462 ΙΙ
391 3401 424 3449 25
442 3404 535 3451 tamen
552 3401 640 3465 inisti]
658 3402 776 3452 tenuisti
793 3416 818 3450 w
830 3400 840 3467 ΙΙ
852 3404 885 3452 26
902 3407 995 3468 potest
1013 3416 1050 3451 w:
1068 3406 1148 3468 potes
1166 3404 1193 3451 n

225 3459 238 3527 li
258 3465 290 3514 32
307 3479 485 3529 praegrauem
498 3469 574 3517 Vw:
592 3483 755 3532 pergrauem
768 3470 815 3518 03
830 3469 834 3532 Ι
851 3471 975 3534 papirius
993 3470 1076 3520 etiam
1095 3468 1192 3534 (etiam
1273 3469 1274 3476 ’

223 3545 269 3583 om.
282 3529 315 3578 W
331 3533 358 3582 in
377 3547 430 3582 ras.
450 3535 467 3580 4
484 3533 544 3597 eiu.)
563 3538 592 3584 et
610 3537 721 3599 quintus
739 3539 779 3600 u,
799 3552 868 3590 corr.
887 3549 912 3584 w
924 3534 934 3600 ΙΙ
947 3539 979 3588 33
996 3536 1190 3590 moderatore
