2586 3996
204 245 268 310 260
375 285 377 289 ·
548 243 610 297 x1s
626 247 836 298 arnnnarim

117 453 119 458 Α
205 419 275 482 que,
298 416 377 481 quos
398 397 489 480 quasi
511 397 712 462 aconsortio·
730 397 863 461 humani
882 398 1009 483 generis
1033 400 1173 462 extorres

204 483 244 546 ab
266 485 400 566 utroque
428 503 505 546 sexu
533 486 589 546 aut
614 485 749 546 naturae
777 483 868 567 origo
896 485 953 546 aut
975 482 1081 546 clades
1109 503 1174 548 cor-

203 567 292 652 poris
320 567 490 651 separauit.
535 567 581 630 ita
602 567 767 651 praeclara
794 567 851 630 illa
873 571 1019 631 ueterum
1042 567 1173 632 nomina

205 652 459 717 sordidissimum
488 673 644 736 quemque
678 673 716 716 ex
749 651 878 716 cohorte
905 652 1109 736 imperatoria
1142 655 1174 717 et

179 763 192 804 a
204 737 486 821 probrosissimum
519 737 701 801 adulabant
731 736 795 816 ahi,
831 745 903 801 cum
931 737 965 800 in
992 737 1174 820 prouincias

204 823 340 887 immissi
362 825 463 906 erant,
487 843 549 906 qua
568 842 658 886 sacra
681 843 744 905 qua
759 821 896 905 profana
912 821 1091 905 rapiebant,
1114 823 1175 888 iter

205 907 265 971 sibi
289 909 329 970 ad
352 908 556 972 consulatum
576 907 714 1055 pecunia
735 907 926 972 munientes.

268 991 339 1057 XX.
390 993 503 1076 ltaque
531 1013 576 1054 nu
591 993 656 1055 lum
682 992 747 1055 iam
777 995 845 1056 erat
872 993 1030 1056 bonarum
1058 992 1175 1056 artium

205 1077 354 1140 studium.
401 1076 536 1141 militiae
563 1075 655 1140 labor
686 1097 706 1139 a
732 1076 934 1141 nobilissimo
962 1098 1088 1161 quoque
1116 1098 1173 1161 pro

167 1189 192 1227 rc
205 1161 332 1226 sordido
361 1166 393 1226 et
414 1161 564 1227 illiberali
585 1161 789 1226 reiciebatur.
835 1163 913 1225 iuris
942 1161 1046 1226 ciuilis
1075 1162 1175 1226 scien-

204 1247 260 1331 tia,
282 1268 362 1331 quae
383 1247 524 1311 Manlios
544 1245 715 1311 Scaeuolae
734 1245 862 1310 Seruios
885 1247 919 1311 in
942 1246 1175 1330 amplissimum

204 1332 341 1418 gradum
364 1331 532 1417 dignitatis
555 1331 671 1414 auexit,
693 1331 881 1396 libertorum
903 1331 1074 1396 artificium
1093 1331 1174 1396 dice·

205 1419 308 1482 batur.
339 1417 511 1482 oratoriam
534 1417 661 1483 dicendi
675 1417 866 1482 facultatem
886 1422 923 1481 nt
942 1417 1037 1481 multi
1056 1417 1174 1481 laboris

206 1507 237 1567 et
251 1502 378 1566 minimi
400 1523 475 1567 usus
495 1503 663 1588 negotium
686 1503 789 1568 nostri
803 1523 952 1586 proceres
972 1503 1175 1586 respuebant,

167 1612 192 1652 15
205 1587 281 1651 dum
309 1586 455 1652 homines
486 1587 628 1652 noluisse
661 1588 763 1652 uideri
793 1587 907 1652 uolunt
937 1587 1022 1671 quod
1050 1587 1175 1670 assequi

204 1673 428 1756 nequiuerunt.
473 1674 506 1736 et
532 1694 608 1737 uere
628 1675 757 1737 tantum
783 1672 902 1737 laboris
928 1671 1176 1757 uigiliarumque

204 1758 365 1841 suscipere
399 1758 438 1821 ad
466 1758 499 1821 id
528 1757 768 1842 adipiscendum
803 1757 893 1821 cuius
926 1778 1001 1821 usus
1031 1757 1176 1842 agendae

204 1841 290 1906 uitae
313 1847 503 1906 ornamenta
528 1865 595 1908 non
617 1843 785 1908 adiuuaret
807 1841 969 1907 dementia
991 1841 1175 1906 ducebatur.

204 1927 313 2011 itaque
335 1949 431 1992 omne
453 1927 594 1992 studium
615 1929 773 2012 pecuniae
796 1925 1042 1992 conseruandae.
1082 1929 1175 1990 tanto

166 2037 192 2076 ac
206 2011 291 2076 enim
319 2012 451 2096 quisque
479 2013 529 2076 uir
557 2013 671 2077 melior
698 2016 817 2098 quanto
845 2012 1050 2096 pecuniosior
1077 2011 1175 2076 habe-

150 2168 152 2172 .
204 2097 308 2161 batur.
337 2098 400 2161 iarn
418 2097 577 2162 seruiendi
597 2097 780 2162 miseranda
794 2097 962 2181 patientia,
986 2095 1177 2161 adsentandi

205 2180 285 2244 mira
320 2180 486 2245 calliditas.
534 2183 755 2246 ministrorum
788 2183 879 2248 aulae
914 2181 1030 2247 cotidie
1063 2181 1178 2244 limina

204 2265 400 2332 terebantur.
445 2267 485 2331 ad
506 2266 592 2332 fores
615 2289 726 2333 eorum
747 2268 801 2351 qui
824 2267 922 2354 regiis
945 2265 1176 2351 cupiditatibus

204 2350 388 2416 sarciebant
423 2353 550 2418 crebros
583 2353 736 2437 patriciae
764 2353 872 2438 gentis
904 2352 993 2416 uiros
1031 2370 1177 2416 cerneres

165 2457 191 2498 25
204 2436 244 2500 ab
272 2435 453 2503 huiusmodi
482 2437 636 2502 dedecore
663 2461 729 2503 non
757 2438 866 2522 imbri,
896 2460 964 2502 non
989 2437 1080 2522 gelu,
1107 2457 1176 2500 non

204 2521 416 2586 amaritudine
438 2523 540 2605 ipsius
562 2522 883 2588 iniuriae'deterreri.
918 2521 1048 2587 demissi
1070 2521 1177 2585 iacen-

203 2610 315 2689 tesque
348 2605 402 2668 uix
436 2607 544 2690 capita
578 2629 675 2691 supra
707 2629 816 2673 eorum
850 2628 929 2691 quos
961 2606 1178 2690 precabantur

203 2713 310 2776 genna
337 2691 540 2757 attollebant.
585 2693 624 2756 ad
646 2697 842 2777 postremum
871 2691 1008 2756 honores
1035 2712 1101 2755 non
1129 2690 1177 2754 iu-

205 2777 367 2925 diciobaut
388 2777 609 2842 beniuolentia
632 2778 855 2862 superborum,
879 2778 934 2842 sed
957 2773 1178 2841 misericordia

166 2882 192 2922 ac
205 2883 291 2926 mere
314 2865 418 2927 antur.

206 3019 409 3028 »ww-*—

273 3123 289 3170 2
308 3121 402 3172 clades
420 3134 457 3169 w:
477 3120 562 3170 cladis
580 3121 607 3167 Η
624 3117 634 3184 [Ι
652 3124 667 3172 5
686 3121 879 3183 probissimum
897 3122 915 3168 (t
932 3117 942 3183 ΙΙ
959 3120 975 3168 6
995 3133 1049 3184 qua
1062 3145 1094 3154 -
1107 3115 1177 3186 qua]

205 3191 298 3237 omnia
315 3189 457 3239 -omnia
475 3200 500 3236 w
529 3186 539 3253 ΙΙ
570 3190 600 3238 11
620 3187 748 3238 manilios
765 3186 788 3236 Δ
806 3187 953 3238 malliosc
984 3185 995 3252 lt
1026 3187 1057 3236 12
1076 3201 1180 3237 enexa-

204 3255 242 3304 rIt
259 3257 277 3302 c
295 3262 427 3307 euenerat
445 3257 503 3309 edd.
519 3256 524 3318 Ι
543 3256 733 3307 libertinorum
753 3270 769 3322 ς
787 3258 846 3308 edd.
870 3253 880 3321 l
905 3257 937 3306 13
954 3261 986 3306 nt
1004 3270 1066 3318 eqo:
1084 3270 1132 3305 om.
1152 3256 1181 3301 ir

207 3319 220 3387 ΙΙ
252 3324 284 3372 15
306 3324 426 3374 uoluisse
448 3326 476 3372 Π
504 3322 515 3389 ΙΙ
551 3327 582 3375 19
605 3325 781 3389 partitaque
803 3337 828 3373 w
850 3325 911 3377 add.
935 3327 995 3373 erat
1023 3319 1034 3387 ΙΙ
1066 3325 1098 3372 21
1123 3335 1181 3372 ser-

204 3388 334 3440 uiendum
352 3393 369 3440 0
390 3390 401 3457 ΙΙ
424 3395 457 3443 24
476 3393 587 3444 crebros
604 3393 712 3456 scripsi:
732 3397 825 3443 ternos
844 3394 872 3440 n
890 3405 984 3442 seruos
1001 3393 1043 3442 uel
1060 3403 1181 3440 cernuos

204 3457 311 3521 Lipsiae
322 3471 425 3522 pernox
432 3461 562 3510 Liuineius
574 3464 704 3511 externos
714 3458 869 3510 Scleaclcinr
880 3459 1179 3510 intectosArntzentus.

205 3541 239 3575 aa
256 3523 384 3590 perdice?
414 3525 424 3590 ΙΙ
453 3529 544 3578 25cn
566 3528 600 3578 ab
625 3527 831 3594 cuiusquemodi
850 3527 928 3578 ded?
959 3526 969 3594 ΙΙ
998 3529 1031 3576 28
1054 3539 1130 3589 genu
1152 3527 1183 3576 Π

206 3608 297 3658 genua
315 3591 453 3643 tollebant
470 3595 529 3646 edd.
