2582 3992
441 186 601 239 TRAIANO
620 187 653 240 D.
679 189 787 240 71-74.
1057 185 1098 249 69

131 339 236 402 tiones
259 337 483 420 expresserint.
528 336 651 401 habent
679 357 736 400 sua
762 336 860 401 uerba
887 337 1010 421 miseri,
1044 357 1101 400 sua

131 424 231 486 uerba
255 421 383 485 felices:
406 422 496 504 atqui
518 421 582 485 iam
606 421 742 484 maxime
765 420 874 484 eadem
896 421 936 484 ab
957 422 1100 505 utrisque

132 507 295 570 dIcuntur.

194 588 344 654 LXXIII.
401 589 504 654 Testis
534 589 602 672 ipse
631 610 664 652 es
698 611 778 673 quae
806 588 839 652 in
869 590 1012 653 omnium
1044 611 1100 653 ore

131 675 265 739 laetitia.
310 695 377 738 non
405 673 540 737 amictus
569 673 731 757 cuiquam,
762 696 826 738 non
852 673 978 737 habitus
1006 695 1126 757 quemn

132 759 225 836 domo
248 760 416 823 extulerat.
445 757 519 822 inde
541 758 730 822 resultantia
751 758 882 822 uocibus
899 760 986 822 tecta
1007 757 1101 821 nihil-

132 865 191 928 que
214 843 314 908 tantis
338 843 532 907 clamoribus
554 843 632 906 satis
656 842 806 908 clausum.
841 842 911 928 quis
934 847 1012 907 tunc
1035 863 1101 906 uon

133 951 149 993 e
171 928 309 1014 uestigio
333 948 391 992 suo
413 927 549 991 exiluit?
577 927 647 1010 quis
671 928 819 991 exiluisse
842 927 966 991 sensit?
1000 927 1102 990 multa

131 1013 266 1077 fecimus
289 1015 418 1096 sponte,
442 1011 534 1095 plura
556 1011 712 1075 instinctu
735 1012 873 1096 quodam
896 1015 928 1076 et
949 1011 1100 1095 imperio:

131 1119 207 1162 nam
236 1097 352 1181 gaudio
381 1117 505 1180 quoque
535 1116 571 1160 co
597 1095 670 1160 endi
698 1096 748 1160 uis
776 1097 872 1178 inest.
916 1117 994 1160 num
1025 1117 1101 1180 ergo
1114 1117 1139 1155 10

132 1182 262 1246 modum
278 1181 307 1246 ei
321 1185 378 1246 tua
393 1181 499 1245 saltim
514 1117 671 1244 moriestia
685 1180 860 1264 imposuit?
884 1201 961 1266 non,
981 1185 1101 1264 quanto

132 1267 237 1352 magis
261 1270 334 1331 ate
356 1265 599 1349 reprimebatur,
623 1265 821 1329 exarsimus?
848 1287 916 1330 non
940 1270 1102 1330 contuma-

133 1352 194 1434 cia,
218 1350 350 1435 Caesar3
378 1350 432 1414 sed
454 1351 491 1414 ut
513 1350 547 1413 in
568 1352 624 1413 tua
644 1352 805 1433 potestate
828 1353 878 1414 est
899 1372 940 1414 an
987 1349 1102 1414 audea-

132 1457 214 1520 mus,
238 1435 285 1499 ita
308 1436 341 1498 in
364 1437 520 1519 quantum
542 1434 655 1498 necin
678 1437 797 1498 nostra.
836 1371 1048 1518 comproXasti
1071 1437 1103 1498 et

133 1522 201 1605 ipse
239 1520 505 1584 acclamationum
548 1521 731 1582 nostrarum
767 1518 862 1584 fidem
899 1519 1101 1584 lacrimarum
1116 1539 1140 1578 15

134 1610 262 1670 tuarum
289 1605 434 1669 uerItate.
479 1603 618 1667 uidimus
645 1603 868 1669 humescentes
897 1604 1003 1667 oculos
1030 1608 1101 1668 tuos

135 1690 368 1773 demissumque
391 1688 508 1774 gaudio
527 1688 652 1751 uultum
666 1691 856 1770 tantumque
878 1688 1045 1772 sauguinis
1067 1688 1102 1751 in

135 1795 188 1838 ore
216 1777 371 1858 quantum
400 1776 433 1838 in
462 1773 568 1837 animo
596 1772 735 1855 pudoris.
785 1774 880 1856 atque
909 1771 970 1835 hoc
997 1771 1103 1855 magis

134 1860 258 1923 incensi
287 1880 394 1922 sumus
427 1860 463 1922 ut
490 1877 693 1942 precaremur
724 1877 766 1920 ne
794 1855 919 1940 quando
947 1855 1005 1920 tibi
1035 1877 1102 1919 non

135 1943 243 2007 eadem
274 1964 369 2007 causa
397 1943 613 2022 lacrimarum,
642 1946 739 2026 utque
766 1961 938 2026 numquam
962 1940 1102 2004 frontem
1116 1961 1140 2000 aa

134 2031 223 2092 tuam
246 2028 306 2091 **.
350 2026 410 2091 hoc
437 2027 542 2111 ipsum
570 2027 628 2090 has
656 2027 746 2091 sedes
774 2047 832 2090 nos
856 2025 946 2110 quasi
971 2046 1102 2109 respou-

135 2133 224 2176 suras
247 2112 493 2196 interrogemus,
516 2111 698 2176 uiderintne
720 2133 871 2196 umquam
886 2109 1042 2194 principis
1060 2108 1104 2173 la-

135 2198 266 2261 crimas:
290 2199 324 2261 at
346 2200 476 2261 senatus
499 2217 594 2280 saepe
616 2196 776 2260 uiderunt.
816 2195 957 2260 onerasti
979 2196 1104 2259 futuros

134 2281 307 2366 principes,
331 2281 385 2346 sed
401 2283 434 2344 et
447 2283 593 2365 posteros
615 2283 752 2344 nostros.
781 2302 856 2344 nam
880 2283 912 2344 et
926 2279 960 2344 hi
983 2280 1104 2363 aprin-

136 2366 259 2451 cipibus
288 2366 355 2429 suis
384 2366 515 2450 exigent
542 2368 578 2428 ut
599 2364 708 2429 eadem
732 2363 839 2428 audire
861 2366 1045 2429 mereantur
1072 2366 1105 2427 et
1117 2383 1142 2423 25

134 2451 181 2515 illi
205 2451 289 2535 quod
312 2472 379 2514 non
402 2450 536 2514 audiant
557 2449 822 2534 Indignabuntur.

197 2533 344 2600 LXXIV.
373 2533 465 2599 Nihil
487 2533 591 2619 magis
606 2555 736 2618 possum
758 2554 817 2617 pro
838 2554 873 2597 re
889 2533 993 2597 dicere
1009 2553 1105 2616 quam

136 2620 218 2704 quod
245 2618 363 2684 dictum
394 2622 443 2683 est
477 2641 495 2682 a
524 2622 638 2683 cuncto
667 2621 781 2683 senatu
815 2625 850 2683 ‘o
879 2621 912 2683 te
938 2617 1103 2681 feliceml'

135 2703 217 2788 quod
248 2725 319 2768 cum
349 2703 540 2788 diceremus,
577 2725 643 2767 non
672 2725 747 2788 oper
774 2705 845 2767 tuas
880 2701 934 2766 sed
963 2702 1104 2766 animum

135 2788 340 2852 mirabamur.
392 2791 440 2854 est
472 2789 558 2853 enim
591 2789 667 2853 hoec
701 2787 827 2852 demum
862 2807 938 2851 uera
965 2785 1142 2850 solicitasse

204 2981 217 3028 1
238 2979 338 3028 misera
356 2980 373 3026 c
391 2979 413 3025 V
442 2975 451 3043 ΙΙ
481 2979 496 3027 2
519 2977 597 3042 atqui
616 2975 670 3025 iam
689 2975 805 3026 maxime
821 2975 930 3038 scripsi:
957 2977 1041 3037 utque
1061 2969 1104 3036 (ut

137 3061 206 3110 qnae
220 3045 248 3112 0)
262 3046 317 3096 iam
331 3046 448 3096 maxime
460 3047 488 3093 1
500 3049 531 3096 ut
544 3059 625 3110 quam
638 3044 754 3093 maxime
768 3042 892 3093 Gruterus
908 3039 912 3106 Ι
928 3040 1022 3092 eadem
1033 3042 1102 3092 cmc

139 3113 150 3178 ll
174 3117 190 3164 3
208 3112 337 3164 dicuntur
353 3115 462 3179 scripsi:
480 3113 607 3164 dicautur
625 3110 708 3160 aliter
726 3110 857 3160 dicuntur
873 3111 901 3157 Ι
922 3106 932 3174 ΙΙ
954 3110 971 3159 4
988 3103 1029 3176 in]
1047 3124 1103 3158 non

135 3181 167 3228 W
179 3178 217 3246 {le
235 3181 315 3231 domo
333 3183 454 3244 Lipsius:
473 3180 551 3231 modo
569 3177 622 3245 11ss
640 3181 656 3230 8
675 3179 807 3230 exiluisse
827 3177 849 3224 V
866 3189 904 3226 wc
923 3192 957 3227 ex
975 3177 1054 3227 silui·
1074 3192 1103 3228 se

137 3250 154 3296 c
172 3247 302 3299 exiluisse
321 3264 351 3300 se
370 3249 390 3299 n
408 3246 418 3315 fl
435 3250 465 3298 11
485 3245 552 3315 non]
571 3263 635 3297 num
653 3261 678 3297 w
690 3245 700 3312 l
714 3248 745 3296 17
763 3244 956 3310 dImissumque
973 3247 1013 3305 Ι,
1032 3260 1103 3298 corr.

137 3316 364 3382 §nominumque
381 3317 486 3381 Lipsius
507 3314 517 3380 ΙΙ
538 3320 569 3366 21
590 3315 766 3379 abstergeres
784 3314 845 3364 add,
865 3313 1017 3372 Catonum,
1042 3327 1105 3363 con·

136 3383 260 3435 traheres
281 3385 406 3450 Gr'err'pt'as
421 3381 427 3450 Ι
445 3382 546 3450 ipsum]
571 3383 703 3450 templum
721 3383 827 3446 Lipsius
842 3378 1034 3445 {responsuris
1052 3383 1070 3429 0
1091 3377 1102 3444 ll

137 3451 168 3499 22
187 3467 221 3501 ne
238 3467 367 3516 umquam
387 3484 419 3492 -
436 3451 565 3502 uiderunt
583 3467 629 3504 om,
649 3453 683 3498 W
694 3449 705 3514 11
718 3451 750 3500 25
767 3454 922 3500 mereantur
939 3462 977 3498 w:
997 3462 1104 3498 meren·

138 3521 181 3568 tur
198 3517 293 3585 1112?
311 3534 361 3586 pro
379 3521 534 3584 rescripsi:
551 3520 663 3586 proprie
682 3515 732 3584 Il
749 3520 781 3570 30
799 3518 870 3569 haec
887 3518 991 3568 addidi:
1011 3531 1058 3566 om.
1077 3515 1105 3560 Η
