2572 3990
431 217 591 267 TRAIANO
611 219 644 267 D.
667 221 778 270 24-26.
1048 218 1090 282 23

176 365 303 464 ,XXVL
338 365 542 462 Adueniante
559 367 720 464 ,congiarii
741 367 792 464 clio
812 368 980 431 obseruare
1000 369 1088 451 prin-

115 450 659 619 tssttfflttqttttssttr
682 451 827 600 sitit?
842 473 1088 620 iiiiii?

119 620 180 684 bus
208 623 279 683 erat
300 617 461 683 ostentare
482 620 633 702 paruulos
656 619 884 704 impositosque
910 622 1087 685 ceruicibus

119 703 287 767 adulantia
303 703 402 767 uerba
417 704 611 786 blandasque
631 725 725 768 uoces
741 704 888 768 edocere:
911 705 1089 770 reddebant
1102 729 1117 768 s

118 788 168 852 illi
190 809 273 870 quae
295 787 517 851 monebantur.
547 789 635 871 atqui
654 788 798 871 plerique
819 789 919 853 irritis
940 790 1088 872 precibus

117 871 232 936 surdas
259 872 415 955 principis
444 893 536 936 aures
563 872 793 956 obstrepebant
818 873 988 958 ignarique
1013 875 1090 957 quid

118 959 303 1042 rogassent,
333 956 410 1040 quid
431 978 497 1020 non
519 957 760 1040 impetrassent,
786 957 886 1022 donec
908 958 1004 1040 plane
1027 959 1088 1022 soi-

118 1045 206 1123 rent,
231 1041 471 1105 differebantur.
506 1044 542 1104 tu
565 1063 606 1105 ne
627 1042 736 1126 rogari
758 1042 886 1126 quidem
909 1043 1088 1107 sustinuisti

117 1130 161 1207 et,
185 1146 378 1208 quamquam
392 1125 605 1191 laetissimum
620 1126 720 1190 oculis
734 1128 798 1190 tuis
814 1129 898 1191 esset
914 1131 1088 1210 conspectu
1102 1154 1127 1192 ιο

119 1210 287 1274 Romanae
310 1209 429 1274 sobolis
451 1210 594 1293 impleri,
624 1232 735 1275 omues
760 1213 884 1293 tamen,
916 1215 1089 1294 antequam

116 1299 152 1358 te
173 1295 322 1358 uiderent
344 1294 523 1377 adirentue,
552 1295 652 1378 recipi
678 1295 778 1359 incidi
800 1296 937 1378 iussisti,
967 1297 1088 1360 utiam

120 1379 195 1442 inde
218 1378 260 1441 ab
282 1377 423 1442 infantia
443 1383 610 1462 parentem
631 1379 796 1462 publicum
819 1400 952 1444 munere
975 1380 1088 1444 eduea-

116 1462 216 1526 tionis
239 1464 469 1546 experirentur,
492 1467 672 1528 crescerent
693 1463 731 1528 de
753 1468 808 1528 tuo
831 1465 885 1548 qui
908 1468 1088 1529 crescerent

120 1547 180 1611 tibi
212 1548 436 1631 alimentisque
462 1547 526 1611 tuis
555 1548 593 1612 ad
618 1549 777 1631 stipendia
803 1552 861 1612 tua
883 1551 1089 1633 peruenirent
1101 1575 1127 1614 15

119 1635 311 1715 tantumque
334 1653 444 1696 omnes
473 1632 529 1695 uni
551 1632 611 1696 tibi
633 1636 788 1714 quantum
812 1634 1000 1714 parentibus
1023 1635 1088 1697 suis

121 1716 254 1800 quisque
277 1716 415 1780 deberet.
457 1719 557 1793 reete,
583 1715 710 1799 caesar,
732 1715 816 1799 quud
839 1738 928 1799 spem
949 1717 1087 1782 Romani

118 1801 259 1864 nominis
288 1801 467 1885 sumptibus
496 1802 559 1864 tuis
587 1801 731 1884 suscipis.
775 1799 899 1864 nullum
926 1804 976 1864 est
1001 1801 1088 1866 enim

120 1907 240 1968 magno
263 1885 408 1968 principa
429 1885 766 1968 immortalitatemque
792 1885 944 1948 meriture
965 1886 1087 1968 impen-

120 1971 164 2033 dii
187 1991 290 2054 genus
314 1969 442 2054 dignius
470 1991 564 2053 quam
587 1970 671 2052 quod
696 1973 846 2054 erogatur
873 1969 907 2032 in
929 1973 1085 2052 posteros.
1101 1997 1126 2035 20

119 2053 294 2137 locupletes
321 2056 358 2116 ad
382 2054 540 2118 tollendos
569 2055 686 2118 liberos
714 2055 861 2138 ingentia
887 2055 1029 2138 praemia
1055 2058 1089 2118 et

118 2160 213 2221 pares
235 2159 357 2221 poenae
380 2138 599 2223 cohortantur,
628 2140 821 2222 pauperibus
844 2137 1000 2203 educandi
1022 2161 1088 2202 una

117 2224 202 2287 ratio
227 2225 276 2286 est
297 2222 400 2286 bonus
423 2223 580 2305 princeps.
619 2223 671 2286 hic
693 2223 810 2287 fiducia
832 2224 883 2286 sui
904 2227 1087 2307 procreatos
1176 2237 1182 2251 ·

117 2307 182 2370 nisi
210 2308 302 2392 larga
329 2329 427 2370 manu
453 2307 543 2370 fouet
571 2311 667 2390 auget
694 2308 907 2390 amplectitur,
939 2329 1088 2372 occasum

118 2392 263 2475 imperii,
295 2412 441 2455 occasum
470 2391 517 2455 rei
543 2392 690 2475 publicae
720 2393 879 2456 accelerat
904 2393 1087 2474 frustraque
1101 2414 1127 2454 25

118 2497 268 2559 proceres
290 2475 383 2559 plebe
405 2476 570 2558 neglecta,
596 2478 636 2540 ut.
656 2476 816 2540 desectum
838 2494 968 2558 corpore
991 2479 1089 2558 caput

118 2565 371 2643 nutaturumque
398 2560 541 2623 instabili
569 2559 725 2643 pondere,
754 2562 872 2624 tuetur.
917 2560 1013 2624 facile
1040 2562 1088 2623 est

118 2646 303 2709 coniectare
325 2645 410 2727 quod
432 2644 611 2727 perceperis
633 2645 799 2730 gaudium,
826 2667 898 2709 oum
920 2649 952 2708 te
974 2665 1088 2727 paren-

118 2733 189 2792 tum
218 2729 390 2793 liberorum
421 2751 533 2793 senum
566 2729 738 2792 infantium
765 2751 935 2813 puerorum
969 2730 1088 2793 elamor

119 2814 290 2896 exciperet.
319 2813 396 2877 haec
418 2813 522 2896 prima
544 2813 749 2896 paruulorum
772 2813 888 2877 ciuium
909 2833 974 2875 uox
996 2833 1087 2875 aures
1101 2833 1127 2874 ao

117 2901 192 2961 tuas
215 2896 348 2979 imbuit,
370 2897 492 2980 quibus
514 2900 551 2960 tu
573 2896 704 2960 daturus
733 2897 885 2960 alimenta
906 2895 966 2959 hoc
988 2897 1087 2972 mari·

189 3139 202 3186 1
224 3135 396 3186 aduentante
415 3141 499 3187 antea
518 3137 548 3189 θ.
564 3137 599 3185 H.
614 3136 769 3197 Seboeferuc
788 3137 852 3185 ante
871 3138 898 3183 te
919 3133 1088 3184 aduentante

118 3203 230 3254 Keiliue.
253 3205 368 3269 equidem
384 3212 443 3255 ante
462 3204 597 3270 congiarii
615 3205 776 3254 intercidisse
787 3204 929 3264 putauerim
947 3201 1062 3252 condam
1080 3199 1089 3266 ΙΙ

120 3273 136 3318 2
154 3270 215 3320 uias
234 3287 280 3322 om.
299 3274 317 3320 0
338 3267 349 3336 ll
371 3273 387 3320 6
406 3273 484 3336 atqui
499 3274 607 3335 scripsi:
626 3287 659 3320 ao
675 3272 703 3319 Π
720 3275 750 3320 at
769 3271 896 3320 Gesneruc
916 3267 926 3334 ΙΙ
949 3272 963 3319 7
983 3271 1089 3320 obstre-

119 3339 226 3402 pebant
243 3351 281 3388 w:
302 3340 502 3404 adstrepebant
518 3340 545 3387 H
567 3336 578 3403 ΙΙ
599 3341 615 3388 9
633 3338 799 3388 differebant
817 3339 834 3386 0
856 3334 866 3402 ΙΙ
889 3339 919 3386 12
937 3337 1022 3386 incidi
1040 3352 1087 3387 om.

118 3405 152 3453 W
168 3403 178 3471 ΙΙ
197 3409 228 3457 13
247 3411 394 3471 parentum
404 3406 440 3469 H,
459 3423 526 3458 corr.
541 3409 577 3470 ς1
593 3421 691 3457 munus
708 3405 765 3453 Bw
782 3403 792 3469 ΙΙ
809 3407 841 3454 22
860 3405 1043 3455 abhortautur
1056 3404 1088 3451 W

117 3479 281 3523 coartantur
297 3473 318 3522 B
333 3477 338 3532 Ι
355 3474 505 3524 educandis
517 3474 544 3521 u
563 3472 573 3539 Ι]
590 3476 623 3524 26
637 3473 781 3524 'desectum
793 3475 823 3521 οι
843 3472 981 3523 defectum
993 3471 1013 3518 B
1023 3471 1087 3518 VW

120 3536 129 3603 li
146 3543 177 3591 31
197 3541 294 3590 imbuit
311 3542 356 3590 Wz
375 3541 496 3591 imbutus
513 3542 606 3590 ΒΗ.
