2582 3992
190 175 252 238 100
438 175 474 224 11.
511 174 566 225 oa.
586 174 796 226 Mimnermi
815 175 895 250 rau.

187 324 312 391 felicior
340 345 435 406 quam
462 324 521 387 sub
543 321 643 386 Remo
670 325 702 386 et
724 321 859 386 Romulo
879 322 953 386 tuis.
988 321 1037 386 illi
1059 323 1157 407 enim,

189 407 335 492 quamuis
350 409 468 471 fratres
483 407 669 492 geminique
684 409 802 488 essent,
827 409 1032 471 certauerunt
1046 409 1158 473 tamen

188 495 259 557 nter
281 514 373 558 suum
400 492 462 556 tibi
483 513 601 556 nomen
628 491 807 639 imponeret
835 491 1039 575 diuersosque
1066 512 1158 556 mon-

188 581 237 642 tes
260 580 292 641 et
314 577 456 660 auspicia
479 580 650 660 ceperunt:
702 575 714 638 i
741 596 817 639 uero
846 578 1086 640 conseruatores
1108 577 1158 640 tui

163 662 250 742 s[sit
272 660 348 726 licet
373 682 459 725 nunc
480 663 570 724 tuum
592 662 684 724 tanto
706 659 809 724 maius
836 659 1007 744 imperium
1035 663 1157 744 quanto

189 747 284 809 latius
309 750 357 809 est
382 748 492 809 uetere
511 745 668 828 pomerio,
695 743 845 828 quioquid
864 742 1011 810 homiues
1033 745 1156 828 colunt)

189 830 279 894 nullo
310 831 406 894 circa·
421 832 454 894 te
481 830 581 894 liuore
611 829 819 893 contendunt.
852 827 897 912 hi,
925 830 1159 913 cumprimum

190 913 231 978 ad
264 916 297 978 te
332 913 466 979 redeant
498 913 748 997 triumphantes,
782 935 847 977 uno
881 913 1015 997 cupiunt
1046 913 1159 979 inuehi

192 1019 295 1082 curru,
318 997 413 1062 simul
436 999 524 1063 adiro
547 997 757 1082 Capitolium,
784 998 879 1062 simul
900 996 1045 1062 habitare
1066 997 1160 1064 Pala-

152 1103 177 1143 ιο
190 1083 283 1148 tium.
324 1087 429 1166 utere,
468 1103 598 1167 quaeso,
636 1084 764 1146 tuorum
802 1083 984 1166 principum
1020 1085 1160 1166 utroque

192 1169 396 1252 cognomine,
426 1190 500 1251 *cnm
535 1188 603 1232 non
638 1167 761 1250 cogaris
794 1167 922 1252 eligere.
963 1167 1040 1231 licet
1071 1189 1160 1232 nunc

191 1252 285 1315 simul
313 1257 345 1318 et
370 1251 524 1318 Herculia
548 1251 665 1316 dicaris
688 1255 720 1315 et
741 1250 839 1315 Iouis.
875 1275 893 1316 o
915 1255 1036 1335 quanto
1057 1273 1157 1334 nunc,

190 1337 377 1420 imperator,
404 1337 462 1401 illa
489 1337 603 1402 ciuitas
631 1339 715 1400 esset
742 1337 920 1420 augustior,
950 1338 1071 1420 quanto
1092 1358 1160 1400 ma·

191 1421 242 1505 gis
262 1421 349 1486 hunc
369 1422 512 1486 natalem
530 1443 622 1486 suum
643 1421 728 1484 diem
744 1420 872 1503 coleret,
896 1423 921 1482 si
944 1441 1000 1484 uos
1022 1420 1159 1504 stipatos

153 1527 178 1569 rs
191 1507 298 1570 uestro
325 1510 438 1570 senatu
465 1506 500 1570 in
532 1506 589 1570 illa
616 1503 791 1588 Capitolini
818 1504 904 1568 Iouis
932 1525 1005 1568 arce
1033 1505 1159 1588 conspi-

192 1591 292 1654 ceret!
324 1612 405 1674 quae
425 1611 513 1655 nunc
531 1592 600 1654 sine
622 1589 717 1654 dubio
737 1590 951 1673 praesentiam
973 1589 1074 1653 uestri
1096 1588 1160 1654 sibi

191 1673 302 1759 fingit,
336 1674 428 1740 aedes
458 1677 637 1740 uestrorum
670 1675 838 1738 numinum
862 1672 1096 1756 frequentando
1127 1677 1160 1738 et

190 1757 379 1843 identidem,
407 1760 491 1825 sicut
517 1782 537 1822 a
563 1759 736 1823 maioribus
763 1758 948 1822 institutum
977 1761 1039 1841 est,
1068 1759 1161 1822 inuo-

192 1843 294 1908 cando
321 1847 475 1909 statorem
501 1843 612 1908 Iouem
634 1841 868 1927 Herculemque
895 1841 1059 1907 uictorem.
1097 1843 1160 1908 hoc

152 1951 178 1992 ro
192 1928 278 1992 enim
304 1929 465 2013 quondam
491 1928 540 1992 illi
562 1927 621 1992 deo
651 1948 831 2012 cognomen
858 1927 1009 2010 ascripsit
1036 1927 1064 1990 is
1091 1928 1159 2012 qui,

191 2032 263 2077 cum
285 2015 407 2096 piratas
429 2012 576 2076 oneraria
597 2033 679 2076 naue
701 2011 850 2092 uicisset,
881 2011 921 2075 ab
943 2013 1013 2095 ipso
1035 2012 1161 2076 audiuit

181 2095 330 2160 ‚Hercule
351 2117 409 2180 per
431 2097 571 2180 quietem
592 2091 678 2159 illius
698 2116 757 2179 ope
777 2096 945 2160 uictoriam
968 2096 1159 2181 contigisse:

190 2182 279 2263 adeo,
295 2181 510 2244 sacratissime
522 2181 706 2263 imperator,
721 2179 832 2245 multis
847 2181 910 2244 iam
926 2180 1161 2244 saeculis-inter

191 2263 297 2328 officia
320 2268 369 2328 est
390 2264 531 2329 numinis
555 2265 603 2328 tui
626 2285 776 2348 superare
797 2265 928 2349 piratas.

151 2369 178 2412 cs
247 2347 335 2414 XIV.
388 2349 451 2414 Sed
479 2349 624 2432 profecto
653 2353 776 2414 mature
807 2349 862 2414 ille
889 2348 1055 2413 illucescet
1081 2349 1159 2428 dies,

193 2453 264 2498 oum
287 2455 343 2498 uos
366 2433 475 2500 uideat
496 2433 601 2498 Roma
628 2433 766 2499 uictores
788 2437 822 2498 et
844 2433 983 2498 alacrem
1005 2433 1063 2498 sub
1086 2432 1159 2498 dex-

191 2521 262 2582 tera
288 2518 404 2602 filium,
439 2539 535 2602 quem
562 2519 602 2582 ad
630 2518 869 2583 honestissimas
898 2521 983 2582 artes
1011 2517 1160 2582 omnibus

190 2602 316 2686 ingenii
345 2602 437 2666 bonis
465 2606 614 2667 ornatum
642 2603 721 2668 felix
748 2600 862 2686 aliquis
891 2605 1079 2685 praeceptor
1107 2624 1160 2668 ex-

191 2690 314 2770 pectat,
343 2687 394 2751 cui
421 2687 511 2751 nullo
538 2687 647 2752 labore
676 2686 834 2752 constabit
862 2685 1005 2750 diuinam
1032 2687 1160 2750 immor-

152 2788 179 2831 so
193 2771 352 2856 talemque
374 2793 432 2856 pro
458 2773 562 2836 eniem
583 2773 621 2836 ad
645 2771 785 2836 studium
804 2771 908 2836 leudis
930 2769 1062 2836 hortari.
1093 2792 1159 2835 non

190 2861 327 2921 necesse
342 2857 404 2922 erit
426 2793 582 2922 damillos
611 2860 643 2921 ct
670 2855 828 2920 Maximos
856 2859 888 2919 et
911 2855 1023 2922 Curios
1046 2859 1079 2918 et
1100 2853 1159 2920 Oa-

182 2942 283 3006 tones
304 2961 482 3025 proponere
510 2940 550 3005 ad
577 2941 783 3023 imitandum3
811 2939 888 3023 quin
917 2940 1023 3022 potius
1049 2941 1161 3004 uestra

191 3077 395 3088 ο--ιι-οι-ι

259 3162 275 3209 2
295 3159 395 3211 fratres
414 3162 540 3225 quemuis
558 3159 625 3227 (1116
643 3160 724 3210 letior
744 3158 813 3226 ⁰l8
834 3159 951 3210 redeant
971 3159 1006 3210 ad
1024 3166 1054 3211 tc
1072 3158 1160 3225 (11113

192 3228 260 3292 Imp.
280 3226 359 3276 Awr
377 3229 558 3293 imperatores
575 3229 660 3276 ΒΜ
676 3224 686 3291 11
709 3229 741 3277 14
759 3229 878 3293 stipatos
896 3228 913 3276 0
930 3241 967 3277 w:
987 3228 1090 3293 stipato
1107 3228 1136 3275 Ι
1152 3225 1162 3292 11

193 3295 225 3345 18
242 3292 394 3345 identidem
412 3309 430 3344 u
447 3294 537 3348 Beris
559 3295 634 3344 idest
650 3295 674 3343 Δ
690 3295 710 3342 B
734 3295 770 3356 (in
784 3298 837 3358 fine
854 3293 948 3360 lineae)
970 3310 985 3344 r
1003 3295 1025 3345 V
1047 3295 1118 3346 idem
1135 3308 1161 3343 m

191 3359 291 3412 ibidem
304 3374 329 3408 w
341 3359 351 3426 11
364 3365 397 3413 20
415 3363 549 3426 ascripsit
563 3362 586 3410 is
599 3362 742 3410 Puteanus:
762 3363 931 3427 ascripsistis
943 3364 970 3410 ll
990 3362 1161 3427 asscripsisti

192 3427 267 3478 Bere.
280 3424 290 3491 11
308 3429 341 3478 23
359 3443 415 3479 sac.
431 3430 534 3479 GVW:
553 3425 602 3478 sac
616 3430 636 3477 B
654 3429 733 3478 cett
748 3427 758 3494 11
775 3431 808 3480 24
826 3431 945 3480 numinis
963 3431 1004 3480 tui
1021 3427 1161 3496 15111125

191 3493 339 3544 illucescat
350 3494 424 3545 Bere.
437 3493 493 3560 1128
506 3501 631 3546 ornatum
643 3498 752 3562 scripsi:
764 3502 860 3548 netum
869 3497 896 3545 11
909 3495 919 3561 11
932 3500 963 3548 31
976 3498 1095 3549 camelos
1107 3497 1160 3546 Ar
