2578 4000
12 3585 15 3664 t

304 198 555 249 CONSTANTINO
574 199 744 250 AUGUSTO
763 200 796 250 D.
821 202 927 250 15-17.
1038 198 1101 264 205

132 371 191 412 uas
220 348 385 412 obsidione
413 348 563 412 differret.
608 349 725 432 quippe
754 349 841 412 omni
868 349 981 413 Africa
1006 370 1102 433 quam

133 435 240 498 delere
263 435 418 497 statuerat
433 432 597 514 exhausta,
621 432 769 497 omnibus
787 434 900 498 insulis
916 434 1101 516 exinanitis,

133 518 254 582 infiniti
281 517 436 600 temporis
462 521 866 602 annonamcongesserat.
911 519 967 582 sed
993 518 1104 583 diuina

133 623 227 666 mens
256 604 288 666 et
315 602 416 684 ipsius
444 601 531 665 urbis
559 604 690 666 aeterna
717 604 866 666 maiestas
897 603 1021 666 nefario
1047 603 1104 666 ho·

133 687 216 750 mini
244 686 389 770 eripuere
417 686 602 767 consilium,
637 689 674 750 ut
696 708 734 750 ex
756 687 936 750 inueterato
963 686 1018 751 illo
1040 690 1130 751 tor-s

133 793 213 854 pore
242 791 281 834 ac
307 769 499 835 foedissimis
526 770 659 835 latebris
691 772 797 835 subito
824 773 1046 854 prorumperet
1074 774 1106 834 et

135 857 328 939 consumpto
350 877 407 938 per
423 854 558 919 desidias
581 855 735 920 sexennio
757 857 863 938 ipsum
880 856 964 919 diem
985 856 1105 919 natalis

135 941 186 1004 sui
207 938 322 1004 ultima
343 961 401 1002 sua
423 939 518 1004 caede
541 940 568 1003 si
616 943 694 1022 aret,
717 961 759 1004 ne
782 940 996 1023 septenarium
1015 939 1106 1004 illum

135 1045 307 1089 numerum
334 1045 458 1108 sacrum
485 1027 518 1088 et
544 1045 579 1087 re
596 1024 730 1109 'giosum
757 1025 809 1088 uel
831 1024 1013 1088 inchoando
1041 1025 1106 1088 uio·

134 1110 228 1174 laret.
257 1111 291 1172 at
313 1108 470 1191 quomodo
492 1108 646 1173 instruxit
667 1110 769 1174 aciem
786 1112 835 1174 tot
857 1131 1015 1173 annorum
1037 1131 1105 1173 uer·
1120 1133 1144 1172 ro

136 1194 215 1258 nula
237 1193 453 1277 purpuratus?
497 1193 543 1256 ita
567 1215 699 1277 prorsus
726 1215 768 1257 ne
811 1193 861 1257 uis
889 1194 1037 1277 euadere,
1066 1215 1107 1258 ne

138 1279 221 1362 quis,
244 1280 281 1340 ut
294 1279 341 1359 fit,
366 1278 436 1342 loco
458 1280 564 1342 motus
587 1277 706 1342 referre
726 1216 861 1361 gradum
884 1283 916 1341 εὴ
930 1279 1108 1342 instaurare

136 1361 294 1448 proelium
316 1365 433 1445 posset,
457 1384 529 1427 cum
551 1383 570 1426 a
591 1361 698 1426 fronte
720 1362 827 1443 armis,
851 1384 870 1425 a
891 1365 983 1447 tergo
1000 1361 1108 1426 Tiberi

138 1469 234 1511 amne
255 1451 463 1530 premeretur.
507 1447 542 1510 in
565 1468 628 1530 quo
649 1445 704 1510 ille
731 1467 798 1510 non
820 1445 1000 1511 mehercule
1023 1447 1108 1530 cogi-

138 1532 223 1596 tauit
245 1531 470 1596 necessitatem
491 1530 672 1613 resistendi,
695 1530 751 1594 sed
765 1531 1039 1614 propinquitatem
1061 1553 1108 1595 re·
1121 1554 1146 1596 u

139 1614 302 1700 fugiendi,
331 1615 395 1680 nisi
417 1616 502 1680 forte
528 1617 595 1680 iam
623 1616 765 1680 sentiens
788 1615 871 1679 diem
900 1615 961 1679 sibi
982 1617 1109 1679 uenisse

140 1700 273 1764 fatalem
302 1699 342 1763 ad
364 1701 515 1765 solatium
543 1721 618 1764 suae
645 1701 759 1764 mortis
784 1699 887 1763 uoluit
913 1721 1020 1764 secum
1046 1704 1136 1764 tra.

140 1784 218 1849 here
240 1807 337 1868 quam
352 1785 520 1868 plurimos,
543 1788 580 1848 ut
601 1806 711 1849 omnes
734 1786 843 1847 essent
863 1782 967 1848 exitus
988 1784 1039 1848 sui
1059 1805 1110 1846 co·

140 1869 237 1933 mites
280 1870 313 1932 ui
336 1870 490 1934 scelerum
512 1869 684 1952 participes
707 1868 897 1933 extitissent.
925 1868 1002 1950 quid
1023 1869 1107 1934 enim

142 1954 230 2017 aliud
252 1891 343 2016 iilum
365 1975 509 2038 sperasse
537 1954 731 2018 credendum
754 1953 825 2017 est?
871 1953 925 2036 qui
947 1953 1011 2017 iam
1035 1955 1110 2016 ante
1124 1975 1150 2015 ro

142 2037 275 2102 biduum
297 2039 416 2122 palatio
440 2040 653 2123 emigrauerat
673 2044 702 2102 et
724 2059 795 2102 oum
816 2058 913 2100 uxore
935 2058 972 2100 ac
986 2036 1054 2102 filio
1077 2037 1111 2100 in

142 2123 303 2206 priuatam
335 2122 464 2188 domum
497 2127 613 2207 sponte
647 2127 865 2206 concesserat,
900 2124 936 2186 ut
968 2143 1018 2186 res
1052 2125 1111 2202 est,

143 2208 277 2272 somniis
299 2208 495 2272 terribilibus
522 2209 662 2292 agitatus
690 2211 723 2271 et
744 2207 910 2272 nocturnis
932 2207 1043 2290 pulsus
1065 2205 1112 2269 ui-

142 2292 294 2374 tricibus,
320 2296 356 2356 ut
375 2296 412 2355 tu
434 2294 498 2356 iam
520 2293 597 2356 olim
620 2294 806 2375 expectatus
827 2290 992 2356 habitator
1013 2291 1112 2355 sacris

143 2376 209 2440 illis
232 2376 363 2441 aedibus
387 2376 441 2439 diu
462 2376 593 2440 exalatis
616 2376 815 2459 expiatisque
844 2375 1037 2439 succederes.
1082 2377 1152 2438 etas

144 2462 223 2525 adeo
246 2461 316 2545 ipse
343 2482 454 2524 uerum
482 2461 542 2525 sibi
565 2461 690 2525 dixerat
717 2463 750 2524 et
771 2463 907 2524 uenturo
930 2459 991 2523 tibi
1014 2480 1114 2523 cesse·

144 2549 205 2628 rat,
248 2547 372 2609 uemuis
394 2546 429 2609 in
447 2545 602 2629 proelium
623 2544 845 2630 ingrederetur
867 2548 1016 2626 armatus,
1041 2565 1114 2608 cum

146 2568 327 2694 excedendo
350 2630 470 2714 palatio
493 2631 558 2694 iam
581 2652 614 2694 se
636 2629 815 2694 abdicasset
837 2629 980 2713 imperio.

216 2714 321 2780 XVII.
371 2715 424 2778 Ad
450 2715 589 2798 primum
616 2715 716 2798 igItur
746 2717 912 2798 aspectum
938 2712 1114 2778 maiestatis

146 2802 221 2863 tuae
235 2800 435 2882 primumque
457 2800 612 2882 impetum
626 2799 725 2862 totius
740 2799 788 2861 tui
810 2798 942 2862 uictoris
958 2797 1115 2860 exercitus
1128 2817 1154 2858 eo

147 2882 257 2947 hostes
284 2884 386 2947 territi
414 2884 581 2970 fugatique
615 2886 646 2945 et
675 2881 836 2966 angustiis
864 2880 979 2945 Muluii
1007 2880 1116 2964 pontis

150 3007 353 3014 —-—--———⁴

217 3057 233 3105 ὅ
246 3070 358 3120 corpore
369 3057 392 3104 A
404 3053 414 3120 ΙΙ
428 3059 442 3106 7
456 3057 588 3106 sexennio
599 3055 736 3104 Petuuius:
748 3055 827 3104 senio
839 3056 867 3102 Π
879 3050 890 3118 ll
902 3055 918 3103 9
930 3052 976 3102 uel
988 3069 1033 3102 om.
1045 3052 1089 3100 cv
1103 3051 1115 3117 Η

149 3125 182 3174 10
194 3118 340 3188 annorum]
351 3139 486 3174 armorum
498 3138 531 3188 m,
545 3123 754 3189 Eyssenhardtus
766 3119 776 3186 ΙΙ
790 3124 822 3171 12
835 3126 866 3171 ut
878 3122 915 3172 sit
923 3122 946 3169 A
958 3119 968 3184 ΙΙ
982 3123 1013 3170 13
1024 3124 1118 3184 posset

149 3204 187 3239 w:
207 3191 296 3254 possit
308 3193 335 3240 Π
350 3191 355 3256 Ι
370 3192 461 3254 tyberi
480 3207 561 3240 amne
573 3204 610 3239 w:
630 3190 733 3240 tiberiir
746 3205 782 3239 ne
793 3190 816 3237 A
834 3189 942 3239 tiberim
954 3203 989 3238 ne
1003 3187 1119 3238 vtiberi

148 3272 184 3307 ne
202 3259 219 3305 G
237 3258 329 3308 Tiberi
346 3259 457 3308 flumine
475 3260 552 3320 edd!
570 3258 662 3309 Tiberi
675 3284 706 3293 —
720 3257 858 3322 cogitauit
876 3272 922 3306 om.
940 3253 1029 3320 31114
1046 3257 1118 3320 cogi·

150 3326 223 3375 tauit
240 3327 325 3374 ΒΗ
337 3340 375 3375 w:
396 3327 532 3391 cogitabit
549 3324 594 3392 ΔΙΙ
612 3328 643 3376 16
661 3325 733 3374 diem
751 3338 788 3376 w:
807 3325 877 3374 idem
893 3326 921 3373 Μ
933 3322 944 3390 ΙΙ
960 3327 991 3374 21
1011 3330 1039 3374 et
1057 3326 1118 3374 add,

149 3395 224 3444 edd:
243 3409 289 3444 om.
308 3397 335 3444 Π
352 3391 363 3460 ΙΙ
384 3396 417 3444 23
435 3396 548 3444 somniis
565 3395 675 3459 scripsi:
694 3393 781 3443 omnis
798 3394 826 3441 11
844 3392 924 3443 furiis
941 3406 966 3441 w
984 3392 1120 3442 ominibus

149 3463 285 3512 Acidrdr'us
297 3459 308 3527 ΙΙ
320 3465 353 3512 26
371 3463 461 3512 uirum
471 3463 494 3510 A
506 3459 516 3528 ΙΙ
529 3463 561 3513 30
573 3463 659 3512 toties
671 3461 713 3511 tui
724 3462 809 3511 Licin.
824 3458 834 3526 [Ι
847 3463 878 3512 31
897 3460 1025 3527 angustis
1037 3460 1088 3508 AB
1099 3459 1121 3506 V

153 3528 157 3590 Ι
177 3528 275 3578 muluii
293 3532 316 3577 A
327 3530 348 3578 B
361 3530 394 3578 V:
413 3529 501 3579 miluii
519 3532 536 3579 0
554 3530 650 3580 moluii
667 3543 692 3577 w
708 3528 713 3595 l
728 3531 831 3594 pontiis
849 3529 870 3577 B
882 3530 904 3577 V
921 3528 1026 3594 ponciis
1043 3528 1066 3573 A
