2578 4000
180 201 391 253 MAXIMIANO
412 203 458 252 ET
480 201 736 254 CONS'I'ANTINO
754 203 789 252 D.
812 205 919 254 10-12.
976 201 1034 266 157

59 359 111 437 et,
142 352 293 436 quoniam
320 351 492 434 tranquillo
522 351 602 414 mari
623 354 752 435 portum
780 353 906 416 intrare
923 373 1058 436 prope·
1086 395 1107 399 --
1190 395 1192 398 -
1247 395 1265 400 «-

60 439 161 521 rasti,
183 438 265 502 uade
288 458 345 520 per
365 437 481 500 fluctus
504 437 567 500 mei
587 437 716 520 quidem
738 458 845 501 amore
868 437 1034 521 sollicitus,

62 525 118 588 sed
144 529 202 588 tua
223 523 390 586 maiestate
413 543 552 586 securus.
588 523 751 586 ettamen
773 526 884 605 perte
907 522 952 585 ibi
974 525 1035 586 ste-

61 610 153 690 terit,
174 610 204 672 st
225 607 375 671 iniuriam
398 606 432 670 in
454 606 517 669 mei
541 607 744 671 restitutione
766 605 904 690 patieris.
935 606 1036 691 impe-

61 694 144 756 rasti
167 692 291 776 pridem
313 694 446 776 rogatus
469 713 487 754 a
509 691 624 771 fratre,
655 713 763 756 rursus
785 693 909 774 impera
931 692 1061 756 iussuss

62 801 83 841 a
105 783 232 842 matre?
267 798 286 840 o
310 775 495 858 caelestem,
519 776 694 860 imperator
716 780 859 858 aeterne,
883 777 1036 858 pietatem

62 867 156 926 tuam
189 883 270 945 quae
302 865 394 925 tuum
422 860 512 924 illum
545 862 687 925 animum
721 883 847 945 semper
878 863 1036 926 inuictum

63 949 136 1012 sola
164 947 253 1011 uicit,
298 967 365 1010 non
389 945 520 1028 potuisti
545 947 693 1010 resistere
721 949 851 1010 sanctae
873 947 958 1011 illius
980 965 1036 1030 pa-

62 1034 169 1096 rentis
202 1032 336 1114 imperio
369 1036 402 1094 et
428 1031 550 1094 inuitus
576 1029 653 1094 lieet
682 1031 814 1115 paruisti
847 1036 879 1095 et
906 1035 938 1095 te
971 1031 1034 1095 illis

63 1117 189 1202 uigiliis
218 1117 344 1199 illisque
374 1115 473 1198 curie,
508 1136 585 1198 quas
613 1115 731 1199 uiginti
748 1117 857 1180 annis
886 1121 1034 1199 expertus
1049 1137 1073 1176 ιο

62 1202 189 1282 fueras,
219 1201 409 1265 reddidisti..
438 1200 629 1283 quibusnam
651 1206 703 1282 tu,
727 1199 857 1264 domina
878 1203 1035 1284 gentium,

62 1291 158 1372 potes
189 1306 395 1368 compensare
417 1285 580 1348 beneficiis
602 1284 663 1348 hoo
684 1285 733 1348 tui
754 1285 955 1369 imperatoris
980 1286 1035 1348 ob·

64 1370 237 1456 sequium?
282 1371 336 1454 qui
363 1372 455 1433 tanto
482 1391 542 1432 usu
568 1371 671 1434 sciens
699 1375 836 1454 quantus
866 1371 908 1433 sit
935 1369 1035 1452 impe-

58 1455 160 1528 randi
190 1455 296 1538 labor,
331 1457 462 1539 propter
489 1458 521 1518 te
550 1475 617 1518 non
646 1455 747 1518 utitur
779 1455 834 1518 illa
862 1475 957 1538 quam
984 1453 1035 1518 de-

63 1543 257 1628 gustauerat
284 1540 451 1624 uoluptate
478 1542 670 1623 tantumque
702 1539 748 1602 rei
775 1537 922 1622 publicae
955 1560 1035 1603 onus
1049 1556 1074 1598 ιι

64 1625 205 1710 suscipit
220 1628 309 1709 'post
328 1625 479 1708 quietem.
522 1623 650 1688 facilius
672 1623 777 1688 fuerat
798 1624 916 1708 iugiter
937 1622 1035 1707 impe·

63 1733 156 1776 rasse
191 1709 347 1793 (quamuis
375 1710 461 1772 enim
488 1729 642 1793 magnum
669 1708 810 1772 laborem
838 1707 1035 1772 consuetudo

62 1817 133 1860 non
156 1795 285 1955 sentis&
311 1795 495 1858 intermissa
517 1793 699 1858 desiderant
719 1813 820 1856 nouas
842 1793 936 1857 uires.

130 1877 205 1944 XII.
280 1882 377 1943 uanta
399 1900 478 1962 opus
500 1878 564 1943 fuit
584 1879 658 1958 tibi,
690 1878 866 1960 imperator
895 1880 1034 1960 aet-erne,

88 1965 286 2046 rouidentia,
315 1969 438 2048 quanta⁴
461 1963 653 2028 auctoritate
681 1966 718 2027 ut
742 1961 884 2028 subsidia
911 1961 958 2026 rei
979 1984 1036 2045 pu·
1049 1983 1075 2022 ao

63 1988 170 2114 dlicae
187 2051 325 2115 iacentia
343 2049 492 2132 erigeres,
515 2048 700 2113 exanimata
721 2069 888 2130 recreares,
912 2046 1037 2129 dilapsa

64 2133 260 2219 colligeres?
304 2134 499 2198 mirabamur
527 2140 559 2198 te
587 2136 663 2217 post
684 2133 854 2217 imperium
882 2153 950 2196 esse
972 2133 1036 2215 pri-

64 2223 188 2284 uatum.
233 2218 334 2283 multo
361 2220 465 2302 magis
494 2221 611 2283 mirum
633 2221 683 2282 est
710 2218 930 2302 teimperium
952 2217 1036 2282 ferre

63 2311 143 2389 post
167 2305 278 2368 otium.
324 2302 411 2366 solus
433 2302 512 2384 hoc,
535 2307 571 2367 ut
593 2303 720 2384 dicitur,
745 2304 850 2385 potuit
871 2302 949 2366 deus
971 2300 1036 2386 ille,

64 2391 158 2454 cuius
180 2389 266 2452 dona
288 2393 364 2452 sunt
386 2387 469 2472 quod
491 2388 634 2452 uiuimus·
653 2390 686 2451 et
706 2387 859 2470 uidemuS,
882 2390 920 2450 ut
940 2385 1035 2450 habe·
1050 2403 1075 2444 as

63 2497 126 2538 nas
150 2472 234 2537 male
257 2473 394 2538 creditas
417 2476 450 2536 et
472 2493 599 2537 currum
621 2471 713 2536 deuio
734 2475 859 2536 rectore
873 2470 1037 2536 turbatum

63 2560 226 2642 reciperet
240 2579 428 2642 rursumque
443 2557 611 2643 derigeret.
641 2557 729 2623 ouiu's
752 2556 855 2620 simile
878 2557 975 2620 etiam
990 2560 1037 2639 tu,

63 2645 253 2728 imperator,
275 2642 371 2708 facile
393 2642 508 2707 fecisti.
554 2664 657 2727 neque
678 2641 713 2706 id
733 2643 862 2707 mirum.
904 2642 1036 2705 minime

64 2731 154 2794 enim
178 2749 196 2791 a
218 2731 252 2792 te
273 2728 406 2792 recessit
426 2728 610 2812 imperium,
637 2731 684 2807 et,
708 2727 854 2810 priuatus
876 2727 952 2790 licet
974 2725 1037 2790 dici

63 2814 178 2896 uelles,
202 2812 343 2876 inhaesit
364 2812 424 2876 tibi
445 2813 594 2897 ingenita
616 2812 776 2876 maiestas.
817 2831 928 2874 onmes
950 2831 1035 2873 exer·
1050 2827 1076 2868 so

65 2899 151 2964 citus
174 2896 275 2962 uestri
297 2917 469 2981 omnesque
488 2896 673 2980 prouinciae
695 2896 892 2980 requiescere
914 2897 946 2958 te
965 2897 1038 2980 post

67 3055 274 3064 ...η-...μ-

137 3142 153 3188 2
172 3139 243 3188 uade
262 3152 299 3189 w:
319 3138 399 3188 ualde
418 3135 495 3202 11113
513 3138 553 3186 ibi
570 3139 678 3199 scripsi:
697 3135 841 3199 sibidius
859 3136 882 3184 si
900 3137 961 3186 odd.
980 3137 1037 3185 Aei-

65 3209 168 3258 dalr'us:
179 3223 228 3257 orn.
241 3209 268 3256 1
280 3203 291 3272 11
304 3209 319 3257 5
332 3203 448 3272 pridem]
463 3205 572 3270 quidem
582 3205 615 3252 W
626 3203 636 3270 11
649 3207 664 3254 9
678 3204 798 3253 inuictus
810 3204 874 3252 ΠΙ
886 3201 896 3269 1
910 3205 941 3254 10
954 3202 1036 3266 curis]

64 3276 150 3324 tnriis
162 3275 186 3325 Δ
198 3273 208 3340 11
223 3275 254 3324 16
273 3276 397 3339 suscepit
408 3274 431 3322 Δ
443 3270 453 3338 1
466 3275 498 3322 111
517 3273 638 3322 iacentia
653 3273 712 3322 add.
727 3271 819 3332 Ossa:
836 3286 882 3320 om.
895 3273 923 3319 1
935 3268 945 3336 11
957 3273 990 3321 23
1009 3276 1037 3320 tc

64 3343 174 3394 addidi:
192 3359 239 3392 om.
256 3344 284 3390 1
301 3339 311 3406 11
328 3345 361 3392 24
378 3341 425 3391 ille
443 3339 508 3392 deus
526 3341 558 3390 W
571 3339 581 3406 11
598 3343 631 3391 25
649 3341 722 3390 bona
740 3341 757 3386 G
774 3336 833 3404 1126
852 3353 960 3389 currum
977 3339 1038 3389 Jac-

64 3426 159 3476 9eras:
178 3425 288 3461 cursum
304 3410 332 3457 1
347 3409 351 3472 1
367 3415 476 3460 rectore
494 3421 524 3474 ςι
541 3413 654 3458 uectore
672 3404 766 3473 111121
786 3407 865 3470 dirig.
883 3406 1013 3455 BGVW
1032 3404 1035 3471 1

64 3484 96 3528 tu
115 3479 269 3544 imperator
289 3478 371 3528 etiam
389 3480 424 3536 ir,
442 3478 591 3540 transposui
603 3474 613 3542 11
626 3478 658 3526 18
675 3469 777 3541 neque]
796 3489 859 3525 nam
871 3477 894 3523 A
909 3474 913 3537 1
928 3472 1038 3524 minime

64 3547 179 3611 scripsi:
198 3561 258 3596 cum
277 3545 312 3606 11,
331 3559 470 3610 nunquam
491 3541 698 3609 Acimincum
718 3549 781 3608 post
799 3559 845 3594 oar.
864 3543 896 3590 W
