2582 3992
316 185 498 258 erraret.
516 187 726 242 marronam.
748 191 839 239 r-ro.
1002 185 1062 250 109

88 335 190 403 istinc
213 336 338 400 fabulas
360 335 593 420 imperitorum„
614 357 724 400 uerum
747 336 926 420 loquamur:
955 339 1062 400 uestra

89 421 187 486 uobis
209 422 329 504 pietas,
359 421 573 484 sacratissime
593 421 779 504 imperator,
807 421 952 485 uolucres
975 421 1063 486 dedit

92 527 219 571 cursus.
265 505 383 570 etenim
410 526 482 569 cum
504 505 587 568 nihil
613 505 657 568 sit
678 505 785 584 animo
806 504 961 586 uelocius,
991 527 1060 588 uos,

91 611 231 674 quorum
259 589 374 674 igneae
400 589 656 673 immortalesque
683 591 807 654 mentes
835 589 966 654 minime
993 610 1061 654 sen-

91 677 182 749 tiunt
205 694 372 758 corporum
394 695 516 758 moras,
544 673 686 758 peruecti
713 673 788 738 estis
816 673 856 736 ad
879 694 935 737 uos
958 673 1087 738 mutuis

93 759 246 824 desiderii
268 757 440 829 celeritate.

159 841 218 910 IX.
256 841 317 907 Sed
341 864 404 926 qua
425 841 558 906 tandem
579 844 649 906 uice
670 841 871 925 temporum?
899 863 962 926 quo
984 844 1063 906 tem-

92 927 233 1013 pestatis
263 925 402 991 habitu?
444 947 560 1009 nempe
592 925 697 990 hieme
729 927 915 991 saeuissime
948 929 980 990 et
1012 926 1063 990 his

91 1033 223 1096 quoque
244 1009 430 1096 regionibus
451 1012 613 1092 inusitata,
638 1033 710 1076 cum
732 1032 827 1096 agros
843 1010 973 1096 glacies,
995 1011 1064 1096 gla-

95 1097 179 1162 ciem
206 1095 298 1160 niues
326 1099 510 1179 premerent
542 1095 629 1160 caelo
659 1095 780 1178 pariter
807 1116 844 1160 ao
872 1097 966 1160 terris
994 1096 1063 1160 uni-
1076 1118 1102 1157 ιο

42 1203 46 1214 ·
93 1180 253 1245 formibus
283 1201 416 1263 cumque
438 1179 500 1263 ipsi
523 1179 685 1246 anhelitus
705 1179 871 1244 hominum
902 1181 986 1245 cirea
1006 1202 1064 1244 sua

93 1287 152 1330 ora
182 1264 323 1329 concreti
347 1265 455 1349 rigore
484 1268 699 1332 senescerent.
744 1264 833 1346 adeo,
863 1267 901 1327 ut
926 1285 981 1346 res
1005 1267 1063 1345 est,

93 1349 249 1414 aduersus
276 1348 514 1413 inclementiam
542 1349 684 1414 locorum
711 1369 748 1412 ao
775 1347 914 1412 siderum
940 1350 1064 1414 uestrae

95 1455 154 1499 uos
176 1433 354 1499 maiestatis
368 1435 515 1518 potentia
530 1433 680 1498 tuebatur
701 1435 738 1496 ut
754 1432 867 1497 ceteris
882 1431 1064 1496 hominibus

81 1529 194 1602 atque
222 1516 408 1602 regionibus
435 1518 468 1580 ui
495 1518 651 1602 frigorum
678 1517 818 1582 astrictis
843 1519 876 1580 et
904 1517 1065 1600 oppressis
1079 1537 1104 1578 15

97 1624 156 1668 uos
180 1601 263 1668 solos
286 1623 380 1666 aurae
402 1602 490 1666 lenes
512 1603 665 1685 cernique
684 1601 778 1665 flatus
801 1607 833 1665 et
848 1600 985 1666 diductis
1007 1623 1065 1665 nu-

95 1687 193 1751 bibus
211 1686 251 1750 ad
266 1686 383 1751 itinera
399 1690 507 1750 uestra
521 1686 640 1750 derecti
656 1685 732 1750 solis
747 1684 827 1748 radii
841 1688 1065 1768 sequerentur:

95 1775 193 1836 tante
213 1771 369 1835 facilitate
395 1770 452 1834 illa
479 1791 559 1854 quae
582 1775 659 1834 tunc
682 1769 753 1834 aliis
774 1769 905 1834 fuerunt
926 1770 1066 1833 inacces-

96 1855 207 1920 sibilia
242 1855 416 1938 superastis
449 1858 543 1939 atque
580 1855 656 1919 inde
682 1852 797 1936 Iulias,
835 1851 912 1918 hine
942 1851 1066 1918 Cottius

96 1939 200 2024 Alpes
223 1941 312 2022 quasi
333 1939 462 2004 relictas
490 1942 580 2004 aestu
602 1959 714 2003 arenas
736 1938 916 2022 patentium
937 1937 1066 2004 litorum
1079 1958 1105 1998 ao

95 2024 346 2090 transcurristis.
390 2027 467 2088 eant
493 2044 580 2089 nuno
604 2045 712 2088 rerum
739 2025 883 2087 ueterum
904 2022 1066 2107 praedica-

97 2113 186 2175 tores
214 2111 247 2172 et
268 2107 486 2173 Hannibalem
509 2109 599 2172 illum
621 2108 730 2172 multis
751 2106 914 2171 laboribus
935 2128 1066 2192 magna-

94 2215 162 2278 que
185 2194 342 2257 exercitus
370 2193 419 2258 sui
442 2193 652 2257 diminutione
675 2192 775 2275 Alpes
797 2196 982 2275 penetrasse
1009 2191 1067 2256 mi·

97 2278 229 2342 rentur!
274 2299 346 2361 uos,
382 2279 587 2342 inuictrssrmr
620 2279 843 2360 1mperatores,
879 2297 979 2361 prope
1008 2276 1069 2340 soli

97 2361 232 2445 Alpium
275 2362 343 2426 uias
380 2361 525 2426 hibernis
566 2361 694 2425 niuibus
735 2361 912 2424 obstructas
950 2359 1067 2424 diuinis
1081 2379 1107 2420 ee

96 2445 248 2530 uestigiis
271 2446 452 2530 aperuistis,
476 2449 513 2510 ut
528 2445 687 2529 quondam
702 2444 857 2509 Hercules
878 2466 937 2529 per
958 2443 1068 2508 eadem

98 2531 168 2594 illa'
181 2529 321 2595 culmina
342 2529 495 2595 Hiberiae
518 2530 619 2614 spolia
641 2530 846 2594 incomitatus
869 2528 1011 2593 abduxit.

164 2613 206 2678 X.
250 2613 348 2694 Tum,
378 2615 406 2678 si
433 2615 582 2679 fortunae
612 2635 788 2697 causaeque
809 2613 1003 2678 Hannibalis
1031 2635 1069 2677 ac

97 2701 281 2763 nestrorum
299 2699 450 2763 itinerum
472 2701 706 2781 comparentur,
730 2703 852 2782 quanto
866 2699 945 2762 haec
962 2701 1069 2762 uestra
1162 2761 1163 2766 ,

98 2783 150 2848 dis
173 2782 417 2867 hominibusque
439 2783 619 2866 acceptiora
640 2781 739 2847 sunt?
775 2785 894 2865 quanto
915 2781 1009 2846 laude
1031 2802 1069 2844 ac
1082 2799 1108 2840 ao

98 2866 299 2950 sempiterna
319 2869 473 2932 memoria
495 2865 667 2950 digniora?
696 2869 774 2930 tunc
795 2866 904 2930 Poeno
927 2886 966 2928 ex
987 2885 1070 2928 sum-

173 3108 189 3155 2
202 3121 259 3158 sao.
272 3107 336 3170 imp.
348 3107 376 3154 n
388 3103 398 3171 ΙΙ
411 3107 426 3156 5
439 3107 562 3172 eorporis
574 3107 591 3154 0
606 3105 611 3168 Ι
626 3104 748 3170 prouecti
758 3106 782 3153 A
794 3101 804 3170 ΙΙ
817 3105 832 3155 8
846 3103 889 3154 his
901 3105 924 3152 A
933 3104 965 3153 W
976 3102 1071 3154 Bert:

98 3177 130 3226 in
144 3173 189 3223 his
202 3174 275 3222 BGV
287 3171 297 3239 ΙΙ
310 3176 325 3224 9
339 3188 420 3238 agros
431 3173 522 3238 cusp:
536 3172 649 3238 algor!
663 3173 668 3237 Ι
684 3172 800 3237 glaciem
814 3173 893 3222 niues
902 3171 1071 3224 necuere:

101 3242 212 3306 glacies
222 3241 340 3291 niuemc
352 3257 414 3292 oum
422 3240 500 3306 algor
506 3242 611 3306 glacies
622 3238 841 3357 niuespremmsql
854 3241 887 3290 13
898 3239 1072 3290 clementiam

101 3313 121 3358 0
133 3307 144 3375 ll
158 3311 191 3358 14
203 3305 248 3376 ut]
262 3313 291 3358 et
303 3311 362 3360 edd.
383 3306 387 3374 Ι
402 3310 432 3358 16
445 3308 521 3358 lenes
533 3310 579 3358 W:
598 3308 674 3358 leues
685 3307 784 3357 ΑΒΜ
798 3306 803 3370 l
836 3307 936 3358 iduetis
948 3309 971 3356 A
981 3307 1071 3360 Bora:

102 3377 232 3427 deductis
244 3376 354 3425 nuvw
372 3373 376 3441 Ι
401 3379 431 3428 17
445 3377 544 3427 directi
555 3377 583 3424 Η
598 3373 602 3442 Ι
618 3379 798 3440 sequerentur
810 3391 872 3438 epo:
889 3374 1073 3441 sequebantur

101 3447 131 3492 Ι
146 3441 156 3510 ΙΙ
175 3446 208 3495 18
220 3444 275 3494 alis
287 3444 360 3492 AGV
374 3448 379 3506 Ι
395 3445 506 3494 fuerunt
518 3443 555 3492 H.
568 3443 701 3494 Ruellius:
715 3443 805 3493 forent
816 3446 845 3492 Ι
856 3439 1003 3506 (fiorentA)
1017 3439 1027 3507 ΙΙ
1040 3444 1072 3492 28

101 3509 172 3579 tum]
192 3517 287 3562 tamen
305 3510 338 3559 W
353 3510 363 3577 ΙΙ
380 3514 413 3562 30
432 3515 536 3577 quanta
554 3509 635 3562 laude
652 3512 680 3559 Η
697 3507 707 3576 ss
724 3513 756 3562 31
775 3526 846 3578 pene
862 3510 916 3559 BV
