2586 3996
181 87 243 152 312
507 86 569 136 xri.
599 84 729 136 sacam
748 85 827 134 rau.

244 237 344 301 XLV.
392 235 536 299 Pertinet
558 235 599 298 ad
621 234 824 298 securitatem
846 232 987 296 omnium
1010 233 1158 296 saeculo-

181 343 253 385 rum
268 320 353 404 quod
376 319 560 384 estfactum
578 318 690 402 uideri,
712 321 758 399 ut,
782 317 900 400 siquis
921 338 1072 399 nmquam
1093 337 1156 381 ne-

181 407 265 469 faria
292 409 368 468 uota
396 403 593 487 conceperit,
628 401 833 466 monimentis
860 403 1042 465 nostrorum
1069 403 1154 464 tem-

181 511 294 573 porum
329 489 496 553 recensitis
515 509 586 570 -per
618 487 726 552 oculos
757 484 885 550 hauriat
918 485 1152 549 innocentiam.

156 573 322 657 equiequis
350 593 490 657 purpura
516 571 705 656 quandoque
733 569 835 656 regali
860 569 977 634 uestire
1000 569 1156 634 humeros

183 658 356 744 cogitabit:
398 657 557 721 Maximus
591 656 621 720 ei
651 657 764 719 exutus
798 657 955 719 occurrat.
1006 653 1155 738 quisquis

183 762 294 806 aurum
322 762 526 826 gemmasque
548 740 682 823 priuatis
708 738 841 823 pedibus
869 737 1009 822 optabit:
1047 737 1155 802 Maxi-

182 847 252 890 mus
280 826 310 889 ei
336 826 456 909 plantis
482 823 576 888 nudis
604 826 767 908 appareat.
812 823 954 906 quisquis
984 822 1027 886 im
1053 841 1155 886 onere

183 911 281 993 capiti
297 909 442 973 diadema
456 908 678 972 meditabitur:
698 907 846 972 auulsm
860 905 1001 970 humeris
1052 906 1154 970 aximi
1251 911 1257 921 “

145 1015 169 1054 10
184 999 281 1076 caput
307 995 340 1055 et
362 994 431 1055 sine
458 993 588 1056 nomine
617 1012 732 1075 corpus
754 991 898 1075 aspiciat.
943 991 1061 1054 scimus
1083 993 1153 1073 qui·

183 1078 254 1140 dem
269 1075 350 1139 nihil
364 1097 515 1160 umquam
530 1076 724 1160 nouandum,
741 1096 814 1140 cum
829 1075 1007 1139 Romanurn
1025 1096 1155 1158 semper

182 1161 353 1244 imperium
378 1162 433 1224 aut
447 1163 538 1224 tuum
551 1159 695 1224 futurum
710 1160 753 1224 sit
774 1162 829 1223 aut
843 1162 986 1224 tuorum:
1008 1159 1155 1242 pertinet

117 1285 136 1318 .
183 1248 293 1310 tamen
323 1243 363 1308 ed
389 1245 565 1330 genuinam
592 1244 807 1328 reipublicae
834 1243 1037 1308 securitatem
1065 1245 1153 1327 quod

183 1329 252 1394 fieri
279 1351 345 1393 non
373 1331 481 1413 potest
508 1329 605 1394 etiam
635 1349 704 1392 non
730 1329 845 1393 timeri.
895 1327 950 1392 sed
979 1332 1153 1410 utcumque

146 1433 170 1472 ra
183 1414 310 1478 uirtutis
331 1417 407 1477 tuae
435 1435 531 1497 opera
560 1413 702 1478 curiosae
724 1413 922 1496 posteritatis
949 1413 1048 1476 oculis
1076 1413 1153 1476 arti·

182 1498 278 1562 ficum
306 1519 420 1561 manus
448 1498 573 1582 reddet,
605 1517 677 1562 cum
698 1501 730 1560 te
757 1497 807 1560 uel
832 1497 963 1580 Alpium
986 1495 1079 1560 dorsa
1100 1519 1152 1560 su-

206 1584 349 1646 erantem
371 1582 423 1646 uel
437 1582 568 1646 flumina
590 1583 716 1646 obiecta
730 1584 949 1646 tranctantem
964 1581 1018 1645 uel
1033 1601 1153 1666 agmen

168 1604 299 1731 'hostile
324 1666 571 1750 triumphalibus
600 1666 746 1749 uestigiis
774 1668 965 1730 atterentem
991 1666 1152 1748 pictorum

184 1753 279 1834 atque
305 1751 453 1815 fictorum
481 1755 667 1835 assequetur
692 1751 847 1815 imitatio:
884 1748 1053 1814 clementia
1080 1753 1150 1833 tu'a,

145 1854 171 1894 ao
183 1834 369 1919 imperator,
388 1855 450 1918 quo
467 1836 565 1918 caelo,
588 1856 651 1918 quo
664 1835 842 1920 pigmento,
865 1855 927 1918 quo
942 1855 1015 1898 aere
1031 1855 1153 1900 auroue

183 1917 341 1983 ducetur?
377 1939 440 2003 qua
461 1923 497 1984 tu
518 1920 618 2004 ipsius
645 1920 800 1984 uictoriae
821 1919 924 1983 uictor
949 1919 997 1982 ita
1022 1940 1152 1984 omnem

184 2023 255 2067 cum
283 2003 380 2067 armis
408 2004 488 2068 iram
516 2004 692 2089 deposuisti
717 2007 755 2068 ut
782 2003 932 2068 occiderit
958 2024 1053 2068 nemo
1077 2006 1152 2086 post

183 2086 318 2171 bellurn,
341 2091 426 2152 certe
448 2108 542 2152 nemo
564 2091 639 2171 post
660 2087 846 2152 Maximum.
878 2087 1001 2171 paucis
1024 2087 1161 2152 Mauro-⁸

183 2192 254 2235 rum
282 2171 437 2254 hostium,
474 2192 553 2255 quos
586 2193 693 2236 secum
726 2171 815 2236 uelut
843 2193 960 2256 agmen
988 2171 1153 2236 infernum

146 2271 171 2314 aa
184 2254 355 2320 morituros
387 2254 575 2340 incluserat,
610 2260 643 2321 et
671 2256 792 2321 duobus
826 2277 868 2320 an
900 2256 1003 2320 tribus
1035 2256 1152 2320 furiosi

184 2338 519 2438 gladiatoris-lanistis
540 2342 575 2406 in
592 2341 669 2406 belli
691 2341 853 2424 piaculum
875 2341 987 2422 caesis,
1010 2340 1154 2438 reliquos

184 2426 1152 2593 stur..ttulistis..utteris..statutt

183 2589 306 2673 bertas,
333 2591 453 2656 nullius
475 2595 647 2676 praeterita
669 2593 810 2678 dignitas
832 2593 1010 2658 imminuta.
1054 2614 1152 2658 nemo

145 2691 171 2734 so
185 2674 317 2740 affectus
332 2679 419 2761 ncta,
441 2698 535 2742 nemo
552 2678 698 2743 conuicio
717 2681 772 2742 aut
786 2678 922 2762 denique
938 2677 1152 2762 castigatione

183 2761 372 2907 perstrictus
407 2761 532 2846 culpam
564 2762 679 2848 capitis
710 2763 834 2828 aurium
863 2763 968 2826 saltim
1001 2762 1154 2828 molestia

196 2844 253 2910 uit.
306 2847 413 2910 cuncti
446 2847 592 2911 domibus
627 2847 708 2930 suis,
748 2846 855 2912 cuncti
889 2846 1079 2932 coniugibus
1113 2867 1153 2912 ac

250 3069 427 3119 trecensetis
439 3068 493 3117 AV
510 3066 519 3133 ΙΙ
537 3071 553 3118 6
567 3084 599 3118 co
619 3069 745 3120 itabatd
762 3067 772 3134 11
789 3071 805 3121 8
821 3067 901 3120 nudis
914 3069 1004 3119 Bert:
1021 3069 1112 3120 andus
1123 3072 1151 3119 Ι

182 3127 191 3196 ll
219 3135 250 3184 13
268 3137 405 3199 geminam
422 3137 458 3201 ll,
477 3081 618 3202 correcti!
641 3138 672 3187 14
691 3141 720 3186 et
736 3139 792 3187 iam
809 3139 832 3186 1
847 3135 851 3200 Ι
870 3140 1019 3202 utcumque
1036 3136 1057 3186 B
1075 3137 1094 3184 0
1112 3149 1153 3186 we

182 3203 327 3265 utrumqne
345 3203 402 3251 AV
419 3207 450 3253 nt
470 3204 567 3268 cuique
578 3202 652 3255 Bert.
670 3202 679 3270 ΙΙ
698 3205 730 3254 15
748 3219 861 3268 operam
872 3206 899 3253 Μ
916 3202 926 3268 ΙΙ
944 3206 975 3256 17
994 3209 1152 3256 tranantem

183 3267 246 3315 (tw
263 3265 273 3332 ΙΙ
295 3271 326 3319 19
344 3275 394 3320 tua
412 3271 475 3335 imp.
493 3270 586 3322 Bert:
603 3272 669 3337 imp.
688 3277 737 3322 tua
753 3271 807 3338 111
825 3273 857 3323 26
875 3273 1022 3322 moriturus
1038 3273 1075 3334 Π,
1094 3287 1152 3322 cor·

182 3336 244 3384 reni
258 3331 262 3400 Ι
278 3349 314 3384 en
330 3337 417 3388 tribus
436 3353 497 3402 epo:
517 3339 677 3390 autribusA
697 3344 744 3390 aut
756 3340 843 3390 tribus
854 3339 875 3388 B
885 3338 987 3400 (tvm
1005 3338 1039 3401 cs.
1051 3355 1077 3403 p.
1090 3341 1151 3398 2⁶4,

183 3405 216 3451 14
240 3400 250 3467 ll
272 3404 306 3452 27
325 3417 420 3454 omncs
437 3417 463 3452 v
