2572 3990
188 221 214 270 X
560 218 781 270 PRAEFATIO.

187 375 286 452 prima
307 392 401 432 manu
424 373 624 433 crassioribus
646 370 785 432 ductibus
809 373 929 433 dinosci
944 381 1074 452 possunt
1095 368 1156 451 (ra-

188 460 251 518 rius
275 459 358 518 cuim
380 476 399 514 a
413 473 443 518 w
465 458 516 518 uel
536 459 570 516 in
588 458 727 534 margine
750 455 800 517 nel
815 477 909 536 super
923 458 1007 518 linea
1030 455 1155 518 additae

188 550 262 602 sunt
283 561 374 601 uoces
396 537 589 620 litterasue),
618 549 721 600 tamen
750 541 918 620 aliquando
946 541 1061 601 fallunt
1087 560 1156 602 ocu-

187 627 289 688 lorum
317 627 428 699 aciem,
457 633 492 685 ut
520 626 573 704 qui
600 633 672 703 post
699 645 762 698 me,
798 626 847 684 cui
874 645 983 705 parum
1009 627 1156 704 temporis

188 712 259 771 huic
281 709 359 770 libro
381 708 561 789 impendere
581 709 683 782 licuit,
707 711 817 769 iterum
839 709 878 771 W
900 711 1042 772 conferet
1062 711 1156 770 iuter-

190 796 263 856 dum
284 795 415 854 fomasse
436 793 555 873 primae
577 795 681 852 manni
705 791 769 870 (W)
796 793 978 856 attributum
999 816 1018 856 a
1039 813 1088 856 me
1110 794 1156 855 in·

190 887 338 940 uenturus
361 879 415 953 sit,
439 877 522 956 quod
546 879 710 939 correctori
733 876 787 955 (w)
811 879 937 939 attribui
960 878 1076 940 debuit.
1121 898 1158 938 ea

189 983 263 1024 uero
286 963 407 1022 ratione
433 963 761 1023 incommemorandis
787 965 968 1023 correcturis
994 981 1068 1023 usus
1089 982 1158 1022 sum

189 1057 231 1121 ut,
255 1047 439 1126 ubicumque
454 1045 600 1106 traditam
621 1049 654 1106 in
674 1046 813 1108 omnibus
828 1047 913 1106 libris
937 1043 1015 1126 [siue
1036 1047 1103 1107 solo
1119 1041 1156 1125 A]

190 1133 371 1211 scripturam
398 1140 551 1192 corrector
577 1133 754 1192 coniectura
781 1133 848 1192 siue
876 1140 960 1192 recta
986 1133 1054 1192 siue
1079 1131 1159 1191 falsa

190 1215 381 1289 attrectauit,
404 1215 512 1276 sedulo
535 1214 728 1289 adnotarem,
752 1224 869 1276 ceterae
893 1236 998 1276 omnes
1021 1224 1053 1277 et
1074 1235 1158 1276 rasu-

189 1321 239 1361 ras
269 1309 300 1360 et
329 1308 519 1360 correcturas
555 1301 678 1360 silentio
707 1301 994 1378 praetermitterem.
1026 1331 1069 1342 —
1101 1299 1157 1359 sed

190 1385 240 1446 fac
254 1383 294 1444 W
308 1384 463 1462 integrum
484 1385 664 1463 nullumque
685 1393 886 1445 correctorem
900 1404 1024 1463 passum
1046 1385 1086 1444 ad
1101 1403 1157 1444 uos

190 1469 388 1548 peruenisse:
412 1487 608 1548 nequaquam
630 1477 733 1530 tamen
755 1469 817 1543 ille,
841 1469 1038 1548 quantumuis
1053 1467 1079 1527 Β
1095 1467 1160 1528 GV

190 1552 275 1612 libris
298 1553 408 1631 potior,
436 1553 478 1612 ad
500 1552 555 1612 has
578 1554 734 1614 orationes
760 1553 968 1614 recensendas
991 1553 1074 1613 solus
1097 1553 1159 1612 suf·

190 1637 307 1696 ficeret.
350 1639 532 1716 saepissime
560 1639 703 1716 enimin
725 1636 765 1697 W
791 1657 854 1697 una
881 1657 949 1696 cum
970 1637 995 1697 B
1017 1636 1039 1697 0
1059 1635 1088 1696 V
1107 1636 1160 1694 uel

191 1721 315 1800 singula
336 1721 389 1780 uel
411 1721 568 1801 complura
592 1721 743 1782 uocabula
765 1721 994 1795 desiderantur,
1024 1721 1160 1799 quaein

193 1805 418 1884 exemplaribus
441 1803 533 1867 editis
554 1805 630 1865 inde
652 1826 670 1865 a
692 1805 882 1885 Cuspiniano
905 1807 1162 1865 circumferuntur

191 1909 295 1968 neque
310 1899 414 1948 tamen
435 1890 571 1948 uirorum
588 1890 744 1949 doctorum
766 1890 948 1949 coniecturis
971 1888 1068 1948 inlata
1090 1905 1159 1947 esse

191 1983 329 2053 possunt.
357 1973 463 2051 itaque
485 1993 552 2031 cum
571 1974 789 2051 peruastigatis
811 1981 959 2051 quantum
980 1972 1069 2050 potui
1084 1971 1160 2032 Gor·

192 2059 314 2118 maniae
329 2056 503 2136 Italiaeque
517 2056 712 2116 bibliothecis
734 2075 810 2116 uere
832 2057 907 2116 anni
929 2056 1096 2134 superioris
1119 2054 1161 2114 ad

167 2203 172 2208 ,
192 2142 363 2221 parandam
377 2140 459 2200 hanc
473 2140 640 2201 editionem
655 2140 841 2214 accederem,
860 2159 1022 2200 noueram
1037 2139 1160 2200 nescius

193 2245 284 2306 quam
310 2243 405 2304 saepe
433 2224 529 2286 debili
557 2234 587 2285 et
614 2225 734 2285 infirmo
756 2223 961 2285 fundamento
988 2224 1066 2284 haec
1092 2242 1161 2284 moa

193 2311 363 2388 recognitio
384 2309 580 2369 inniteretur.

256 2394 385 2454 Praeter
405 2393 584 2453 Liuineium
605 2403 716 2468 autem,
743 2393 782 2455 de
804 2393 889 2454 cuius
911 2392 1055 2452 subsidiis
1077 2391 1161 2451 infra

193 2479 319 2539 uberius
340 2477 520 2557 exponendi
534 2478 619 2538 locus
635 2480 701 2551 erit,
726 2477 918 2557 plenioribus
938 2475 1093 2537 codicibus
1112 2475 1162 2534 usi

193 2571 265 2623 aunt
282 2562 342 2621 duo
366 2581 404 2622 ex
420 2561 574 2640 prioribus
597 2559 776 2634 editoribus,
800 2562 936 2622 Ioannes
952 2560 1161 2640 Cuspinianus

194 2655 226 2708 et
252 2648 387 2707 Ioannes
416 2645 564 2708 Scheffer,
616 2654 647 2706 et
676 2645 715 2706 de
743 2645 828 2707 libris
858 2667 877 2706 a
903 2647 1023 2706 Ioanne
1050 2652 1161 2722 patruo

115 2780 117 2784 ,
194 2729 341 2792 adhibitis
363 2731 441 2790 haec
468 2731 502 2790 in
523 2730 718 2811 praefatione
746 2731 892 2792 editionis
914 2728 1106 2792 Uiennensis
1133 2747 1161 2788 a.

196 2816 279 2875 1513
301 2815 396 2876 tradit
418 2815 571 2894 Georgius
594 2815 817 2895 Cuspiuianus:
852 2815 937 2876 ‘nam
958 2820 1082 2893 praeter
1103 2811 1163 2871 hoe

194 2901 279 2979 qaod
299 2901 396 2962 multa
418 2909 506 2960 eraut
527 2919 689 2980 perperam
712 2901 746 2961 in
767 2901 816 2960 his
838 2896 1072 2979 elegantissimis
1095 2913 1162 2954 ora·

193 2983 330 3044 tionibus
357 2986 483 3046 inuersa
509 3005 546 3046 ac
568 2993 725 3064 corrupta,
755 2986 893 3064 integras
922 2982 1014 3042 etiam
1041 2979 1162 3040 chartas

194 3067 247 3127 ille
269 3075 376 3127 noster
389 3087 503 3148 parens
525 3069 671 3148 repperit,
695 3070 727 3127 in
746 3067 962 3130 uetustissimis
984 3066 1047 3124 suis
1063 3081 1162 3122 exem·

194 3150 342 3231 plaribus,
366 3171 403 3212 ac
424 3153 580 3214 restituit?
610 3152 777 3212 dolendum
799 3160 903 3212 autem
924 3158 971 3208 cst
991 3145 1071 3206 nihil
1086 3147 1164 3204 certi

196 3236 236 3296 de
259 3235 371 3296 chartis
392 3236 453 3296 illis
481 3237 612 3296 relatum
634 3255 737 3316 nequa
758 3237 860 3296 uarias
887 3253 927 3294 ex
948 3231 992 3292 eis
1013 3229 1163 3288 lectiones

195 3321 228 3380 in
250 3321 390 3398 margine
413 3321 577 3381 adnotatas
600 3339 679 3381 csse.
722 3320 795 3379 hinc
818 3320 900 3380 enim
920 3314 1043 3375 Keilius
1067 3309 1163 3391 [Plin.

93 3432 96 3436 ·
195 3403 293 3482 praef.
321 3425 352 3483 p.
375 3403 469 3465 XLII
491 3401 550 3484 sq.]
579 3404 798 3465 additamentis
826 3403 859 3462 in
888 3400 953 3462 sola
976 3397 1163 3475 Ouspiniani

197 3488 335 3548 editione
358 3489 546 3563 extantibus,
578 3491 694 3568 quippe
716 3506 796 3568 quae
821 3504 861 3545 cr
881 3503 965 3544 mera
987 3481 1165 3540 coniectura
