2578 4000
300 167 555 234 cousrsurmo
573 183 745 236 sucusro
764 186 797 236 n.
818 189 891 236 1-2.
1020 186 1080 250 193

107 333 270 396 restituta.
298 353 402 415 neque
422 332 509 397 enim
528 332 645 416 ignoro
664 337 784 416 quanto
800 333 952 400 inferiora
969 337 1082 400 nostra
1153 345 1162 360 '

110 417 179 481 sint
193 417 325 501 ingenia
336 415 502 480 Romanis.
526 415 683 499 siquidem
698 417 797 481 latine
815 422 848 482 et
863 419 979 484 diserte
994 419 1082 504 loqui

108 502 176 565 illis
199 502 422 584 ingeneratum
445 503 509 582 est,
534 501 628 565 nobis
650 501 861 585 elaboratum,
885 506 932 586 et,
956 503 1082 587 siquid

108 587 196 650 forte
225 586 390 650 commode
419 585 567 668 dicimus,
595 605 634 648 ex
655 585 712 651 illo
734 587 825 651 fonte
853 589 885 650 et
907 587 1013 670 capite
1035 588 1081 651 fa·

110 669 248 735 cundiae
275 670 413 734 imitatio
441 673 551 734 nostra
579 669 711 735 deriuat.
757 671 813 735 sed
834 673 980 754 quamuis
1008 692 1107 736 con-5

110 756 195 818 scius
222 753 301 817 mihi
328 754 525 818 infirmitatis
552 755 719 840 ingenitae
746 758 779 819 et
806 755 950 819 inchoati
974 756 1081 839 potius

111 839 212 904 studii
234 860 330 922 quam
346 839 461 903 eruditi
485 838 633 910 cohibere
647 861 699 903 me
715 839 843 904 silentio
858 861 994 925 nequeo,
1019 861 1081 924 quo

109 924 233 1012 minus·
247 924 286 987 de
309 925 494 1006 recuperata
520 924 598 988 urbe
625 924 821 1007 imperioque
843 923 990 989 Romano
1011 928 1081 989 tan-

111 1008 185 1072 dem
209 1029 249 1072 ex
266 1007 420 1072 diuturna
442 1009 651 1072 conuulsione
673 1008 808 1073 solidato
831 1010 946 1092 etipse
962 1009 1081 1093 aliquid

111 1113 212 1157 coner
235 1092 335 1175 effari,
357 1101 394 1156 ut
414 1093 499 1157 inter
520 1095 626 1156 tantos
650 1092 775 1157 sonitus
798 1093 988 1158 disertorum
1009 1115 1081 1159 mea
1095 1115 1120 1155 ro

110 1178 459 1326 titubatus
483 1177 1026 1326 {quqqffigiqffiffiaq
1045 1179 1084 1326 {t

110 1346 196 1428 litui,
220 1345 274 1410 sed
298 1283 588 1429 etiampSpdlrtanlde
609 1346 708 1410 tibiae
731 1346 930 1410 incentiuum
954 1346 1084 1430 aliquod

110 1430 260 1495 feruntur
273 1431 424 1495 habuisse
447 1429 564 1514 (credo,
588 1431 662 1514 quia
684 1451 821 1514 magnos
843 1430 966 1494 animos
982 1451 1083 1514 paruo

110 1515 191 1580 licet
212 1515 340 1579 modulo
362 1515 482 1579 suffieit
500 1514 660 1600 incitari):
684 1535 739 1578 cur
755 1536 820 1599 ego
843 1513 882 1578 de
895 1517 953 1578 tuo
973 1515 1009 1578 in
1031 1535 1082 1578 me
1096 1533 1122 1574 rs
1153 1582 1155 1588 s

110 1599 225 1663 fauore
253 1598 412 1684 diffidam,
443 1601 480 1662 ut
507 1620 685 1663 sermonem
711 1620 818 1663 meum
846 1598 950 1663 studio
975 1600 1083 1682 potius

110 1685 162 1748 tui
185 1685 287 1748 aldtus
310 1704 405 1767 quam
427 1683 493 1747 suis
515 1684 637 1748 uiribus
659 1683 826 1747 metiaris?
858 1683 1002 1766 experiar
1024 1684 1083 1767 igi-

11 1815 13 1824 ,
110 1772 180 1851 tur,
202 1771 239 1832 ut
260 1789 403 1852 possum,
432 1788 625 1865 quamquam
648 1768 787 1852 oppletis
810 1767 938 1830 auribus
960 1767 1024 1832 tuis
1046 1771 1084 1831 ut

112 1854 161 1917 sic
183 1853 318 1916 dixerim
345 1854 561 1936 insusurrare,
592 1873 662 1916 s1ne
689 1852 871 1916 aemulandi
893 1852 1009 1916 fiducia
1032 1874 1083 1916 ou-

111 1938 208 2022 pidus
230 1936 386 2001 imitandi.
1096 1957 1121 1997 20

177 2021 219 2086 II.
248 2023 297 2086 Ac
319 2022 458 2105 primum
479 2021 558 2085 illud
582 2021 734 2105 arripiam
757 2020 840 2104 quod
864 2019 957 2084 credo
980 2019 1084 2083 adhuc

111 2107 276 2170 neminem
299 2126 412 2170 ausum
432 2105 543 2189 fuisse,
566 2110 699 2171 utente
722 2105 761 2170 de
784 2105 968 2170 constantia
991 2125 1084 2189 expe·

112 2191 246 2255 ditionis
269 2195 343 2255 tuae
365 2191 468 2254 dicam
491 2212 586 2273 quam
609 2190 647 2254 de
667 2191 761 2254 laude
783 2190 1084 2254 uictoriaeatruns·

113 2278 189 2340 acto
217 2275 303 2339 enim
331 2277 423 2339 motu
450 2274 576 2339 aduersi
598 2274 738 2339 hominis
767 2278 799 2337 et
828 2273 1003 2338 offensione
1031 2295 1084 2336 ua·

113 2360 204 2424 canti
226 2362 300 2425 utar
316 2359 466 2423 libertate
489 2379 565 2506 erqa
578 2363 611 2422 te
626 2359 729 2422 nostri
747 2359 875 2440 amoris,
897 2378 992 2441 quem
1006 2359 1084 2421 tunc
1097 2376 1123 2417 25

112 2445 199 2508 inter
221 2449 323 2509 metus
347 2447 380 2508 et
401 2444 448 2508 rei
469 2444 617 2527 pubicae
639 2446 716 2506 uota
738 2442 970 2526 suspendimus.
998 2444 1084 2521 tene,

112 2531 158 2592 im
183 2531 304 2612 erator,
339 2531 467 2592 tantum
501 2529 608 2592 animo
641 2527 782 2612 potuisse
814 2547 1015 2610 praesumere
1049 2529 1086 2589 ut

113 2552 235 2678 hedum
257 2614 356 2678 tantis
378 2613 502 2696 opibus,
523 2616 615 2677 tantu
631 2633 789 2677 consensu
805 2611 968 2689 auaritiae,
990 2611 1084 2674 tanta

114 2698 270 2762 scelerum
294 2699 497 2782 contagione,
522 2700 613 2761 tanta
635 2696 750 2760 ueniae
765 2696 988 2780 desperatione
1011 2715 1085 2758 con-

112 2782 227 2848 flatum
242 2782 478 2867 quiescentibus
500 2781 787 2864 cunctantibusque
801 2784 880 2842 tune
894 2777 1022 2862 imperii
1036 2777 1084 2841 tui
1098 2797 1123 2836 ao

114 2868 210 2932 sociis
232 2868 354 2950 primus
376 2866 567 2942 inuaderes‘?
594 2865 741 2949 quisnam
761 2867 794 2927 te
815 2863 902 2946 deus,
926 2883 1007 2945 quae
1019 2864 1085 2924 tam

90 3049 94 3056 “
185 3041 199 3088 1
222 3044 317 3091 nostra
334 3039 390 3090 sint
407 3042 463 3104 ing.
481 3040 504 3088 A
522 3039 554 3086 W
570 3037 662 3090 Bere:
688 3037 743 3086 siut
760 3036 818 3168 inq.
835 3039 930 3084 nostra
947 3035 968 3082 B
986 3035 1004 3082 0
1022 3034 1044 3081 V
1071 3029 1083 3098 Η

115 3110 131 3159 3
150 3106 231 3158 nobis
248 3109 266 3155 0
283 3120 322 3157 w:
341 3121 438 3158 nomen
456 3107 499 3157 bis
516 3109 553 3156 n.
571 3123 606 3156 an
623 3097 781 3156 nobismet?
815 3105 832 3152 4
849 3102 981 3152 facundie
999 3114 1038 3149 w:
1057 3107 1086 3150 et

114 3175 248 3226 facundie
266 3177 293 3224 Π
312 3173 351 3238 (et
370 3174 501 3224 facundia
513 3172 541 3239 0)
554 3171 593 3239 ss8
610 3173 722 3224 tandem
735 3172 761 3222 E
778 3171 959 3222 sseodardtuc:
978 3175 1007 3221 et
1025 3173 1084 3218 tan-

114 3241 177 3293 dem
188 3243 216 3290 1
227 3240 237 3306 ΙΙ
251 3245 282 3292 13
301 3243 464 3293 intentiuum
482 3243 567 3292 BGV
582 3238 587 3307 Ι
602 3240 743 3306 aliquidA
780 3240 812 3289 15
829 3239 859 3287 in
876 3252 920 3286 me
939 3237 971 3286 de
988 3243 1036 3287 tuo
1048 3238 1085 3298 n,

114 3316 268 3373 transposui
278 3307 288 3375 ΙΙ
300 3313 333 3360 22
351 3310 483 3360 neminem
501 3309 589 3360 adhuc
607 3306 647 3374 0ss
660 3309 692 3358 24
710 3314 785 3358 motu
802 3320 864 3370 epo:
883 3309 961 3354 mutu
977 3306 1000 3354 A
1018 3307 1088 3355 nutu

115 3378 135 3425 B
153 3380 171 3428 0
191 3379 213 3426 V
230 3383 306 3427 metu
322 3392 349 3427 w
372 3376 376 3442 Ι
401 3376 553 3428 offensione
571 3376 686 3428 uacanti
704 3390 765 3441 epu:
784 3374 902 3426 offensio
920 3373 1042 3424 reuocati
1060 3372 1087 3419 Π

116 3443 268 3497 offensione
285 3446 413 3496 reuocati
429 3457 454 3493 v
466 3442 477 3510 ΙΙ
493 3447 526 3495 25
544 3461 618 3495 nunc
636 3441 740 3508 211127
758 3458 794 3494 au
812 3447 920 3492 tentum
937 3441 1012 3491 Bert.
1027 3437 1037 3505 ΙΙ
1054 3440 1087 3490 29

116 3513 183 3565 scel.
201 3516 273 3564 cont.
291 3519 372 3564 tantu
389 3529 435 3564 om.
454 3515 472 3560 0
508 3551 511 3556 .

161 3603 250 3644 Pmo.
262 3613 318 3646 nau.
389 3613 392 3618 ·
899 3595 930 3642 13
