2582 3992
615 389 679 464 rr.

465 541 825 640 EUMENII

334 705 419 772 PRO
447 705 786 774 RESTAURANDIS
815 707 962 773 seems

525 843 763 897 orario

223 992 249 1058 I.
284 993 416 1059 Certum
437 992 551 1076 habeo,
577 994 627 1058 uir
648 993 890 1078 perfectissime,
912 1015 978 1058 non
1001 995 1156 1079 quideme

160 1082 192 1143 te
241 1078 295 1162 qui
318 1099 444 1162 semper
464 1078 500 1141 in
523 1079 611 1142 omni
634 1099 751 1164 genere
773 1078 901 1144 dicendi
921 1082 1063 1144 maxima
1082 1079 1130 1144 fa-

162 1129 281 1227 cultate
302 1162 446 1246 uiguisti‚
469 1161 524 1226 sed
541 1163 817 1227 circumstantium
833 1164 1001 1248 plerosque
1019 1165 1130 1228 mirari

161 1247 245 1330 quod
262 1267 333 1331 ego,
357 1247 411 1329 qui
433 1246 473 1310 ab
487 1247 617 1311 ineunte
640 1247 858 1311 adulescentia
873 1270 972 1333 usque
994 1249 1029 1313 in
1043 1248 1131 1313 hunc

161 1333 246 1396 diem
268 1352 442 1414 numquam
465 1331 527 1395 isto
549 1332 584 1394 in
606 1331 677 1395 loco
700 1331 833 1395 dixerim
857 1335 903 1415 et,
925 1333 1130 1417 quantulum·

162 1437 286 1500 cunque
313 1414 393 1478 illud
421 1418 470 1479 est
497 1415 580 1498 quod
608 1415 717 1480 labore
754 1437 791 1480 ac
817 1415 986 1500 diligentia
1020 1417 1130 1482 uideor
1143 1441 1168 1482 ιο

163 1503 368 1583 consecutus,
397 1520 543 1564 exercere
565 1499 718 1584 priuatim
731 1521 839 1584 quam
860 1501 897 1564 in
917 1501 989 1564 foro
1011 1502 1130 1566 iactare

161 1585 345 1668 maluerim,
377 1585 464 1650 'nunc
493 1583 619 1648 demum
646 1605 717 1648 sero
745 1583 883 1668 quodam
910 1585 1061 1651 tirocinio
1090 1587 1129 1650 ad

160 1670 328 1735 insolitum
366 1667 445 1733 mihi
475 1667 616 1732 tribunal
650 1669 803 1751 aspirem:
847 1691 866 1732 a
894 1691 956 1752 quo
985 1692 1045 1754 ego
1079 1693 1130 1735 me

160 1755 277 1837 fateor,
312 1775 503 1838 quamquam
534 1751 614 1816 mihi
642 1755 733 1817 sedes
766 1753 830 1816 ista
858 1753 999 1817 iustitiae
1028 1757 1060 1818 et
1088 1755 1133 1820 ad

162 1839 322 1925 agendum
345 1838 440 1902 etad
463 1836 631 1902 dicendum
654 1837 853 1920 amplissima
874 1837 1045 1922 uideretur,
1069 1837 1129 1902 dif-
1143 1858 1169 1900 15

161 1925 255 1990 fisum
283 1927 394 1988 tamen
425 1923 555 2008 ingenio
587 1943 659 1986 meo
692 1923 830 1986 antehac
857 1922 974 1987 afuisse
1008 1927 1041 1987 et
1067 1922 1130 1989 hoc

160 2010 231 2108 ipso
259 2009 293 2072 in
314 2012 476 2092 tempore,
506 2008 652 2092 quamuis
675 2006 925 2072 diuersissimam
953 2028 973 2070 a
1000 2010 1130 2072 conten-

160 2097 249 2159 t1oue
270 2093 377 2157 litium
399 2113 501 2178 genus
523 2091 678 2157 orationis
693 2090 889 2176 habiturum,
913 2091 1131 2158 conscientiae

161 2179 377 2263 trepidatione
398 2178 550 2242 reuocari.
1135 2214 1136 2220 κ

225 2262 268 2328 Π.
302 2261 351 2328 Ne
373 2262 448 2346 quid
463 2263 563 2348 igitur
584 2266 640 2327 aut
654 2263 798 2347 opinioni
814 2263 980 2328 hominum
998 2264 1169 2327 dubiumst

161 2347 341 2431 relinquam
375 2351 432 2411 aut
465 2348 725 2431 interpretationi
761 2370 799 2412 ex
826 2349 887 2411 hac
914 2349 1130 2431 postulatione

162 2453 259 2516 quam
287 2432 325 2497 de
351 2431 557 2496 restituendis
579 2432 703 2515 patriae
730 2453 820 2496 meae
843 2431 1022 2496 Maenianis
1050 2431 1131 2496 mihi

162 2516 350 2583 sumendam
370 2516 478 2600 potius
501 2538 596 2600 quam
617 2519 764 2600 cuiquam
786 2515 999 2601 delegandam
1018 2517 1132 2601 putaui

162 2606 221 2668 aut
239 2602 344 2666 maius
373 2601 411 2666 de
433 2623 484 2666 me
507 2601 626 2685 aliquid
648 2623 742 2686 quam
764 2621 858 2686 posse
886 2622 937 2666 me
959 2602 1063 2665 sentio
1085 2600 1130 2666 ui-

163 2687 238 2750 dear
252 2687 457 2770 promittere:
481 2689 695 2751 contestatum
710 2707 779 2750 esse
794 2685 887 2750 initio
903 2685 1030 2750 dicendi
1053 2687 1131 2769 aput
1144 2703 1170 2746 aa

164 2771 330 2836 audientes
345 2771 420 2834 uolo
435 2775 501 2835 tem
526 2772 666 2842 orarium
681 2791 731 2834 me
747 2769 873 2834 dicendi
888 2791 1014 2853 munus,
1037 2773 1130 2852 atque

162 2855 196 2919 id
217 2855 322 2940 ipsum
343 2855 423 2919 meis
446 2793 560 2919 studiis
582 2854 786 2937 peculiariter
808 2852 1019 2935 commodum,
1041 2854 1130 2917 inuo-

164 2938 241 3024 lare‚
256 2961 323 3004 non
339 2939 378 3004 ad
392 2938 593 3023 incognitam
608 2937 688 3002 mihi
703 2940 825 3002 sectam
836 2937 1013 3002 forensium
1023 2940 1130 3020 patro-

163 3045 281 3088 norum
295 3023 419 3089 alienae
434 3023 539 3089 laudis
559 3021 733 3106 cupiditate
747 3022 895 3087 transire.
923 3042 1026 3106 neque
1045 3022 1131 3086 enim

232 3232 248 3281 5
266 3232 310 3280 uir
326 3227 542 3295 perfectissime]
561 3229 595 3281 V.
611 3228 642 3278 P.
660 3231 806 3295 plerumque
823 3230 850 3277 Π
866 3225 877 3293 ΙΙ
894 3229 927 3278 14
945 3227 980 3279 ad
998 3227 1131 3360 aspendum

164 3310 203 3348 w:
228 3297 365 3362 agendum
383 3299 411 3346 Β
440 3295 451 3362 {l
481 3299 512 3346 16
536 3297 658 3348 abfuisse
675 3296 749 3348 Bere.
769 3297 800 3344 0:
825 3295 937 3347 affuisse
956 3297 984 3344 Η
1012 3293 1017 3360 Ι
1054 3298 1084 3347 18
1104 3299 1132 3346 et

164 3365 356 3415 conscientiae
375 3364 459 3430 Bere.²
478 3367 544 3415 unde
563 3380 597 3415 ex
616 3377 707 3414 conso.
725 3364 856 3414 Liuineiza
867 3359 878 3429 ΙΙ
890 3365 921 3414 21
944 3367 973 3415 et
989 3363 1043 3414 hac
1060 3366 1132 3428 post.

164 3433 230 3482 idem
246 3430 257 3498 ll
273 3434 306 3483 22
323 3432 458 3483 menianis
475 3433 502 3480 Π
519 3447 619 3496 semper
635 3429 645 3496 l
663 3432 696 3482 24
715 3435 763 3480 aut
781 3433 885 3481 addidi:
903 3448 949 3482 om.
967 3433 995 3479 Β
1011 3427 1021 3496 l
1037 3431 1071 3481 26
1089 3443 1131 3479 me

165 3515 211 3552 om.
231 3501 249 3549 0
269 3497 280 3564 ΙΙ
300 3502 332 3552 27
352 3497 664 3551 commoduminuolare
683 3513 743 3564 epo:
762 3499 981 3549 commodare!
