2572 3990
415 203 575 256 Turreno
596 205 630 256 o.
648 209 758 258 as-ac.
940 241 942 246 .
1025 205 1068 271 25

102 352 300 437 populusque
320 351 486 417 Romanus
509 349 670 437 obligatus
693 375 712 417 a
734 354 888 419 tribunali
910 359 977 438 tuo,
1000 378 1068 421 non
1144 401 1145 404 κ

103 439 250 501 exoratus
278 438 420 500 recessit.
471 437 616 502 obtulisti
644 439 730 502 enim
764 440 963 522 congiarium
991 461 1067 525 gau·

102 520 252 586 dentibus
267 521 412 606 gaudens
435 543 626 606 securusque
646 523 783 603 securis3
806 523 952 607 quodque
973 529 1068 589 antea

100 605 263 688 principes
285 606 326 669 ad
346 605 454 669 odium
476 606 525 670 sui
547 607 731 671 leniendum
752 608 951 672 tumentibus
965 609 1068 692 plebis

101 689 217 754 animis
245 690 464 773 obiectabant‚
491 691 525 754 id
547 694 582 755 tu
604 694 672 755 tam
695 692 852 756 innocens
874 692 992 776 populo
1014 692 1094 756 den

100 774 179 838 disti
204 795 302 871 quarn
329 775 466 858 populus
493 775 627 859 accepit.
677 776 774 860 paulo
808 776 929 858 minus,
962 779 1068 860 patres

101 859 292 942 consumpti,
322 860 462 943 quinque
489 859 579 924 milia
600 860 814 944 ingenuorum
835 859 968 924 fuerunt
989 882 1069 945 quae

101 941 277 1007 liberalitas
299 942 455 1028 principis
482 945 585 1008 nostri
608 946 819 1028 conquisiuit,
847 945 988 1029 inuenit,
1016 946 1069 1009 ad-

101 1028 205 1092 sciuit.
254 1024 290 1091 hi
321 1027 495 1092 subsidium
524 1028 695 1107 bellorum,
729 1032 952 1094 ornamentum
980 1029 1069 1113 pacis

100 1110 240 1194 publicis
266 1112 455 1196 sumptibus·
475 1112 604 1176 aluntur
630 1114 831 1197 patriamque
857 1135 925 1178 non
951 1117 1109 1198 utpa-1c

100 1195 197 1260 triam
228 1199 355 1260 tantum
377 1218 489 1261 uerum
514 1202 552 1261 ut
573 1197 717 1262 altricem
741 1219 847 1262 amare
869 1197 1068 1263 condiscunt.

102 1302 140 1344 ex
167 1280 220 1343 his
249 1283 368 1363 eastra,
401 1303 441 1345 ex
472 1281 524 1346 his
555 1282 660 1346 tribus
692 1282 916 1366 replebuntur,
950 1304 989 1346 ex
1019 1281 1070 1346 his

122 1365 294 1447 nandoque
316 1367 491 1430 nascentur
512 1366 627 1450 quibus
648 1366 809 1430 alimentis
832 1387 912 1450 opus
933 1369 1068 1432 nonsit.

102 1385 181 1514 dent
199 1449 272 1528 tibi,
295 1447 424 1534 Caesar,
447 1453 585 1515 aetatem
608 1450 641 1514 di
656 1472 751 1534 quarn
772 1451 904 1516 mereris
928 1458 1069 1516 seruent·

102 1554 162 1681 pue
185 1532 329 1598 animum
351 1555 447 1617 quem
469 1535 639 1599 dederunt:
662 1538 695 1599 et
709 1538 829 1619 quanto
851 1535 1002 1600 maiorem
1021 1536 1068 1599 iu·
1084 1552 1109 1592 1⁵

118 1617 242 1681 antium
264 1618 392 1682 turbam
413 1619 530 1684 iterum
552 1623 648 1702 atque
670 1620 786 1683 iterum
808 1619 932 1683 iubebis
954 1620 1069 1684 incidi!

103 1705 239 1786 augetur
268 1701 353 1767 enirn
382 1703 499 1768 cotidie
527 1707 560 1767 et
587 1703 715 1785 crescit,
745 1724 812 1766 non
833 1704 909 1786 quia
934 1704 1071 1767 cariores

103 1785 291 1870 parentibus
311 1787 414 1869 liberi,
437 1787 493 1852 sed
508 1788 583 1870 quia
597 1787 737 1870 principi
759 1787 855 1851 ciues.
883 1784 975 1850 dabis
997 1808 1071 1850 eon-

104 1870 222 1953 giaria‚
246 1870 273 1934 si
295 1872 398 1954 uoles3
432 1872 612 1955 praestabis
634 1871 803 1955 alimenta,
831 1871 859 1935 si
881 1870 986 1936 uoles:
1023 1870 1072 1934 illi

104 1958 211 2019 tamen
256 1959 365 2038 ropter
386 1959 418 2021 te
440 1960 626 2022 nascuntur.
1084 1973 1113 2014 20

167 1977 287 2104 XXiX.
319 2039 429 2104 Instar
444 2062 503 2126 ego
517 2041 664 2126 perpetui
683 2039 839 2124 congiarii
854 2061 925 2104 reor
939 2039 1071 2104 affluen-

105 2123 182 2188 tiam
190 2144 347 2188 annonae.
360 2124 455 2190 huius
462 2126 635 2209 aliquando
646 2123 881 2208 euraPompeio
892 2146 959 2189 non
965 2125 1071 2189 minus

105 2208 229 2272 addidit
244 2208 365 2291 gloriae
388 2231 481 2293 quam
501 2210 613 2295 pulsus
635 2209 774 2273 ambitus
797 2230 919 2294 eampo,
942 2213 1072 2274 exactus

104 2291 208 2356 hostis
230 2293 327 2372 mari,
355 2295 460 2358 oriens
481 2294 653 2378 triumphis
676 2292 886 2376 occidensque
908 2294 1071 2358 lustratus

105 2398 169 2458 nce¹
186 2397 264 2441 uero
285 2377 341 2442 ille
361 2378 486 2442 ciuilius
509 2400 604 2462 quarn
618 2399 736 2462 parens
757 2381 866 2442 noster
882 2378 1072 2442 auctoritate
1086 2393 1115 2434 2⁵

106 2460 242 2525 oonsilio
264 2462 326 2526 fide
353 2463 485 2527 reclusit
509 2463 593 2544 uias,
624 2465 735 2546 portus
757 2461 910 2545 patefecit
916 2510 925 2545 ,
956 2462 1073 2525 itinera

106 2545 218 2624 terris,
240 2545 387 2612 litoribus
408 2569 512 2629 mare,
542 2547 636 2611 litora
657 2546 737 2610 mari
759 2545 897 2610 reddidit
919 2545 1073 2610 diuersas-

106 2651 167 2712 que
189 2634 304 2715 gentes
326 2631 372 2696 ita
394 2633 585 2698 commercio
607 2632 736 2696 miscuit
756 2635 802 2714 ut,
826 2629 910 2714 quod
928 2631 1074 2715 genitum

107 2718 192 2779 esset
213 2736 358 2800 usquam,
383 2717 416 2780 id
439 2718 523 2799 apud
545 2738 656 2781 omnes
676 2719 789 2780 natum
812 2736 880 2780 esse
902 2716 1072 2779 uideretur.

106 2819 218 2864 nonne
248 2821 377 2865 eernere
404 2800 498 2865 datur
530 2803 568 2864 ut
595 2802 665 2864 sine
692 2800 788 2863 ullius
821 2799 940 2862 iniuria
968 2798 1113 2862 omnisne

106 2883 217 2947 usibus
245 2885 364 2949 nostris
393 2907 497 2949 annus
525 2883 700 2948 exuberet?
736 2883 854 2966 quippe
880 2903 944 2946 non
973 2884 1010 2944 ut
1035 2902 1074 2944 ex

106 2966 232 3031 hostico
247 2972 358 3053 raptae
373 2970 596 3052 perituraeque
618 2968 652 3030 in
667 2966 790 3032 horreis
812 2986 931 3030 messes
945 2965 1074 3049 nequic-

107 3073 202 3134 quam
226 3052 452 3135 quiritantibus
474 3051 570 3118 sociis
592 3051 791 3116 auferuntur.
828 3048 991 3116 deuehunt
1012 3049 1074 3133 ipsi

174 3259 192 3307 4
209 3258 349 3324 principes
367 3259 401 3307 W
415 3273 444 3308 r:
462 3259 592 3324 princeps
608 3258 661 3307 uV
678 3264 703 3307 ct
719 3258 740 3306 B
757 3271 795 3316 m,
815 3257 864 3307 red
880 3256 906 3304 in
924 3255 963 3304 leis
979 3269 1049 3307 corr.
1067 3249 1076 3320 ll
1105 3270 1108 3277 ·

107 3327 123 3375 5
141 3325 198 3376 iam
216 3326 249 3374 W
267 3324 272 3388 Ι
292 3325 467 3376 innocentius
485 3339 510 3374 w
533 3323 544 3390 ll
568 3327 597 3375 16
616 3324 724 3375 iubebis
742 3325 809 3373 BV:
830 3322 940 3372 uidebis
957 3322 1019 3372 ow
1035 3323 1075 3370 ui·

108 3391 187 3444 debis
205 3393 317 3444 iubebis
336 3394 411 3458 Curp.
431 3390 441 3459 fl
460 3396 491 3444 19
509 3393 664 3460 praestabis
684 3391 817 3442 alimento
836 3391 861 3441 si
877 3388 956 3440 uoles
974 3391 1050 3440 om.t'
1068 3385 1077 3454 ΙΙ

108 3461 141 3510 26
159 3457 307 3512 itineribus
326 3466 421 3522 torrae,
440 3461 539 3511 itinera
556 3461 637 3510 terrio
656 3457 825 3510 Mommsenus
840 3455 851 3522 i
867 3459 899 3508 31
919 3456 1006 3507 amuis
1024 3456 1077 3509 GV

108 3523 118 3591 ΙΙ
134 3531 166 3580 31
187 3527 353 3578 exuberetur
370 3525 465 3593 01133
484 3527 686 3593 queritantibus
703 3525 742 3588 H,
761 3542 830 3578 corr.
849 3539 874 3590 ς.
