2572 3990
11 435 13 488 r

198 186 241 250 16
298 234 299 244 ,
369 204 372 212 ’
520 185 542 234 Ι.
571 183 600 234 O.
619 183 735 236 PLINII
754 183 831 234 PAN.

195 335 482 420 dignationemque
515 335 685 415 mereatur,
723 353 765 396 ne
798 331 863 416 ille,
901 332 969 396 siue
1007 332 1164 398 interfuso

198 421 279 484 mari
302 440 358 483 sen
379 417 564 482 fluminibus
586 417 751 481 immensis
775 437 831 480 seu
858 416 1029 502 praecipiti
1056 421 1164 482 monte

199 503 392 587 defenditur,
416 503 524 567 omnia
544 501 623 566 haec
644 505 712 564 tam
733 521 836 584 prona
862 506 991 585 tamque
1019 501 1165 566 cedentia

199 588 374 653 uirtutibus
395 587 460 650 tuis
483 586 603 650 sentiet
622 589 659 649 ut
680 585 859 659 subsedisse
874 590 1009 667 montes,
1031 585 1164 650 flumina

169 673 374 754 aeraruisse,
420 671 634 754 interceptum
672 691 759 734 mare
793 669 961 754 illatasque
1000 669 1062 734 sibi
1100 692 1165 734 non

199 779 268 822 esse
291 756 406 822 classes
427 757 569 838 nostras,
592 755 647 818 sed
667 756 768 817 terras
791 754 877 837 ipsas
899 754 1081 818 arbitretur.

255 840 361 905 XVII.
376 839 496 904 Videor
510 839 573 902 iam
587 859 716 902 eernere
727 858 794 902 non
806 838 916 920 spoliis
927 838 1165 921 prouinciarum

200 929 233 990 et
247 928 371 990 extorto
388 924 482 988 sociis
498 944 586 1006 auro,
609 923 664 987 sed
686 920 855 988 hostilibus
871 922 969 987 armis
988 924 1164 1007 captorum·
1273 977 1274 1004 1

200 1031 261 1093 que
288 1030 402 1093 regum
430 1007 550 1071 catenis
577 1006 777 1091 triumphum
803 1028 951 1090 grauem:
985 1007 1096 1072 uideor
1118 1010 1175 1080 in·,

158 1119 187 1158 ro
201 1094 312 1179 gentia
335 1093 452 1156 ducum
473 1092 605 1156 nomina
631 1113 692 1156 neo
713 1091 864 1155 indecora
890 1091 1079 1156 nominibus
1100 1114 1164 1156 eor·
1273 1095 1274 1126 ³

199 1199 280 1263 pora
301 1177 475 1242 noscitare:
503 1175 613 1240 uideor
634 1176 751 1240 intueri
773 1175 966 1240 immanibus
989 1177 1074 1240 ausis
1097 1177 1165 1240 bar-

200 1265 349 1327 barorum
373 1263 488 1325 onusta
501 1260 622 1324 fereula
644 1264 677 1325 et
694 1281 751 1324 sua
766 1281 922 1344 quemque
943 1259 1030 1324 facta
1047 1261 1165 1326 uinctis

200 1347 347 1410 manibus
370 1347 570 1429 sequentem:
601 1367 676 1408 mox
697 1345 804 1428 ipsum
824 1348 858 1408 te
881 1343 1050 1408 sublimem
1072 1366 1166 1410 curru

199 1431 438 1512 instantemque
453 1429 644 1510 domitarum
659 1428 804 1513 gentium
819 1432 926 1512 tergo,
950 1432 1024 1492 ante
1039 1451 1166 1494 currum

160 1539 187 1579 15
202 1519 308 1578 antmn
331 1514 449 1597 clipeos
472 1535 551 1597 quos
572 1515 641 1598 ipse
663 1512 849 1598 perfoderis.
895 1533 956 1576 neo
976 1513 1037 1577 tibi
1058 1513 1166 1597 opima

201 1599 378 1682 defuerint,
412 1599 440 1662 si
468 1599 539 1682 quis
569 1619 682 1681 regum
710 1599 820 1662 uenire
847 1599 883 1662 in
910 1619 1024 1662 manus
1052 1598 1167 1662 audeat

200 1705 260 1748 nec
282 1683 377 1748 modo
398 1682 535 1747 telorum
556 1686 698 1761 tuorum,
727 1683 783 1746 sed
805 1682 967 1746 oculorum
989 1682 1087 1745 etiam
1108 1683 1167 1746 mi-

199 1790 377 1853 narumque
410 1768 591 1832 coniectum
623 1769 692 1830 toto
720 1787 832 1850 campo
864 1769 997 1850 totoque
1025 1767 1167 1830 exercitu

200 1852 346 1936 opposito
368 1850 598 1934 perhorrescat.
623 1850 768 1914 mernisti
783 1850 928 1934 proxima
950 1851 1166 1916 moderatione

160 1962 188 2001 ao
202 1942 247 2018 ut,
264 1935 525 2020 quandocumque
540 1938 572 1998 te
587 1933 640 1998 uel
650 1935 770 1998 inferre
785 1935 837 1998 nel
849 1934 1035 2018 propulsare
1047 1934 1166 1998 bellum

200 2021 342 2104 coegerit
363 2020 489 2102 imperii
511 2018 666 2102 dignitas,
698 2039 764 2081 non
790 2019 863 2083 ideo
890 2019 1005 2082 uicisse
1027 2019 1166 2084 uidearis

200 2103 486 2186 ut'triumphares,
510 2103 564 2168 sed
586 2103 784 2186 triumphare
806 2103 888 2186 quia
903 2102 1029 2166 nicenis.

247 2185 370 2251 XVIII.
393 2187 492 2251 Aliud
503 2209 542 2252 ex
553 2187 616 2251 alio
628 2185 707 2251 mihi
718 2188 864 2251 occurrit.
880 2208 975 2270 quam
987 2187 1167 2270 speciosum
1222 2193 1226 2201 ’
1273 2171 1274 2178 ¹

201 2274 250 2336 est
267 2271 353 2336 enim
364 2271 448 2355 quod
463 2271 664 2354 disciplinam
680 2275 857 2336 castrorum
867 2272 991 2355 lapsam
1006 2277 1035 2336 et
1045 2272 1167 2336 extinc-

159 2381 187 2421 a
199 2358 268 2419 tam
289 2355 434 2420 refouisti
456 2355 588 2439 depulso
601 2356 716 2438 prioris
739 2355 856 2420 saeculi
877 2357 972 2436 malo,
995 2356 1112 2420 inertia
1135 2359 1168 2420 et

201 2441 400 2504 contumacia
420 2443 452 2504 et
469 2441 694 2525 dedignatione
708 2439 865 2522 parendi?
891 2443 996 2504 tutum
1017 2442 1066 2504 est
1080 2461 1169 2504 reue·

200 2524 352 2607 rentiam,
381 2527 487 2588 tutum
510 2525 675 2589 caritatem
697 2524 828 2606 mereri,
860 2545 920 2588 neo
943 2523 1060 2588 ducum
1081 2525 1166 2609 quis-

201 2629 295 2690 quam
324 2611 379 2672 aut
405 2629 473 2672 non
501 2609 601 2672 amari
630 2608 826 2672 amilitibus
854 2611 909 2672 aut
936 2608 1036 2672 amari
1058 2609 1168 2689 timet,

200 2693 314 2756 exinde
350 2691 492 2757 offensae
524 2693 644 2777 pariter
682 2693 866 2778 gratiaeque
905 2692 1008 2756 securi
1044 2693 1174 2764 instant,

269 2902 283 2946 1
302 2903 490 2962 promereatur
506 2898 527 2946 B
540 2894 549 2963 ΙΙ
562 2901 577 2948 2
596 2895 732 2962 mortalit!
744 2900 760 2948 3
773 2894 932 2946 defenditur
950 2910 980 2961 ςε
1001 2895 1170 2962 dependitur

199 2967 227 3012 Μ
242 2963 252 3028 ΙΙ
269 2968 285 3014 4
304 2967 408 3015 sentiet
426 2980 455 3030 ςε
479 2968 587 3016 censiet
605 2966 626 3013 V
644 2966 759 3014 transiet
776 2964 796 3012 B
816 2969 910 3013 censet
927 2962 960 3012 W
977 2965 995 3011 0
1015 2969 1112 3024 cernet
1129 2967 1170 3015 nei

201 3033 271 3080 sciet
289 3031 449 3082 Schwarzr'us
464 3031 468 3098 Ι
484 3033 632 3082 subsidisse
650 3033 678 3080 it
689 3029 727 3096 118
747 3031 871 3080 hostibus
888 3033 905 3079 0
919 3028 928 3094 ΙΙ
942 3033 972 3080 11
992 3032 1119 3081 ausis-
1138 3034 1170 3082 13

200 3099 328 3148 manibus
346 3115 392 3149 om.
410 3102 427 3148 0
440 3098 450 3164 ΙΙ
464 3101 495 3148 12
513 3101 616 3149 iunctis
629 3100 693 3148 VW
706 3095 716 3161 ΙΙ
731 3100 761 3147 13
780 3112 861 3146 curru
876 3099 1085 3163 ¹instantemque
1098 3100 1172 3150 Heu-

200 3181 305 3214 mannua
322 3167 411 3216 Poecil
427 3167 480 3216 III
498 3169 546 3216 45:
565 3167 765 3227 instantemque
786 3179 867 3213 curru
884 3165 912 3212 lt
941 3163 951 3230 ΙΙ
982 3167 1013 3214 16
1031 3165 1171 3216 defuerint
1273 3187 1274 3246 p

199 3246 238 3279 m:
258 3231 402 3283 defuerunt
418 3229 646 3298 ElmanibusB
676 3228 686 3294 ΙΙ
717 3232 747 3280 17
765 3244 815 3279 nec
833 3246 888 3282 non
906 3231 987 3282 modo
1006 3233 1136 3285 Gesnerua
1155 3231 1168 3298 ll

201 3301 234 3348 20
257 3304 289 3348 ut
307 3300 468 3366 quandoque
492 3299 560 3349 ow
588 3297 599 3364 ΙΙ
628 3300 660 3348 21
683 3294 816 3362 uidearis]
841 3299 973 3349 iudicaris
996 3300 1014 3348 0
1043 3297 1054 3366 ΙΙ
1084 3303 1119 3351 24
1142 3308 1172 3352 et

200 3367 305 3423 addida·
334 3383 380 3420 om.
402 3370 430 3417 Π
452 3383 486 3418 ac
508 3369 570 3421 add.
594 3380 611 3431 ς
634 3365 837 3429 extinctumque
859 3379 878 3414 u
906 3363 916 3430 ΙΙ
946 3368 979 3416 27
1007 3372 1111 3434 tutum¹
1128 3374 1172 3419 est

199 3434 348 3485 caritatem
370 3436 402 3483 W
431 3433 441 3500 ΙΙ
471 3436 504 3484 29
527 3433 626 3484 exinde
648 3433 756 3496 scripsi:
781 3437 809 3482 et
831 3433 894 3484 inde
920 3434 948 3481 ii
971 3431 976 3498 Ι
1004 3435 1172 3501 gratiaeque

200 3501 305 3564 pariter
322 3503 349 3551 0.
