2586 3996
219 177 282 246 240
544 177 578 228 x.
606 176 755 228 urrann
773 177 853 228 riu.

220 350 464 397 commemorare
490 331 574 415 quod
595 331 716 395 nullam
744 331 977 413 matronarum,
1006 331 1058 395 cui
1080 331 1186 395 forma

220 416 417 480 emendatior
438 417 550 500 fuerit,
578 415 656 481 boni
682 416 730 480 sui
752 416 786 500 pi
832 417 873 496 it,
906 437 978 479 cum
1006 415 1066 480 sub
1088 415 1185 479 absti-

219 501 409 566 nentissimo
432 501 623 585 imperatore
651 501 773 584 species
787 437 956 565 ldeulenta
981 521 1049 563 non
1070 501 1184 564 incita-

219 586 284 650 trix
306 586 454 650 licentiae
477 589 570 668 esset,
593 585 647 650 sed
667 585 797 668 pudoris
817 583 983 650 hortatrix.
1012 605 1094 668 quae
1116 585 1185 648 sine

194 669 316 734 sdubio
344 691 462 756 magna
496 692 552 733 seu
577 670 685 753 potius
713 669 823 733 diuina
849 669 991 733 laudatio
1026 689 1121 752 saepe
1149 670 1185 733 in

219 755 298 837 ipsis
327 756 423 819 etiam
450 753 649 838 philosophis
676 757 831 817 nontam
859 775 894 816 re
921 752 1064 817 exhibita
1090 775 1185 836 quam

220 839 437 923 disputatione
465 845 509 904 ast
534 840 663 904 iactata.
707 839 761 903 sed
788 840 987 902 remittamus
1015 836 1077 902 hoc
1098 839 1187 921 prin-

221 924 284 1008 cipi
299 928 408 987 nostro
431 925 486 1006 qui
503 923 550 986 its
562 925 809 1007 temperantiam
831 923 1020 1006 ingenerare
1037 923 1186 986 omnibus

221 1009 308 1091 cupit
329 1011 366 1070 ut
387 1029 457 1071 earn
483 1029 549 1070 non
571 1007 609 1071 ad
632 1009 787 1071 uirtutum
814 1028 943 1071 suarum
967 1004 1062 1070 decus
1090 1007 1184 1070 ascri-

182 1091 373 1172 iubendam,
404 1091 458 1155 sed
482 1091 521 1154 ad
544 1095 676 1156 naturae
701 1092 802 1173 ipsius
823 1091 1025 1155 honestatem
1047 1091 1185 1154 referen-

221 1175 292 1240 dam
316 1175 516 1240 arbitremur.
560 1175 658 1258 quid?
686 1175 798 1239 faciles
820 1176 939 1257 editus,
967 1174 1065 1258 quid?
1092 1196 1186 1238 aures

220 1261 487 1344 patientissimae,
510 1259 611 1343 quid?
632 1259 775 1344 benigna
795 1280 965 1344 responsa,
991 1259 1089 1342 quid?
1117 1258 1186 1323 uul-

220 1351 290 1409 tum
312 1346 417 1429 ipsum
445 1346 573 1429 augusti
595 1345 718 1408 decoris
740 1345 915 1428 grauitate,
944 1343 1107 1407 hilaritate
1130 1343 1184 1407 ad-

220 1430 336 1510 mixta,
359 1428 577 1493 uenerandum
599 1429 748 1512 quiddam
771 1432 803 1494 et
825 1428 961 1492 amabile
982 1429 1185 1511 renitentem,

183 1533 208 1572 15
221 1514 292 1595 quis
314 1513 411 1598 digne
435 1515 548 1596 exequi
568 1512 695 1597 possit?
738 1534 871 1597 quarum
898 1534 1005 1577 rerum
1031 1511 1185 1576 miraculo

220 1597 267 1661 sic
288 1596 436 1662 homines
457 1598 718 1662 deuinciebantur
742 1601 864 1661 utnon
879 1601 947 1661 tarn
969 1618 1079 1661 omnes
1102 1595 1186 1660 dole-

220 1685 294 1746 rent
324 1682 407 1765 quod
435 1681 526 1766 illum
552 1687 726 1766 tyrannum
761 1682 806 1746 ita
834 1682 887 1746 diu
915 1681 1057 1746 tulerant
1089 1703 1185 1764 quam

221 1766 304 1850 quod
325 1767 383 1831 tali
405 1766 550 1852 principe
571 1771 639 1831 tam
660 1788 731 1831 sero
753 1767 943 1831 ductantur.

284 1850 419 1916 XXXV.
449 1851 598 1936 Longum
619 1856 669 1915 est
691 1873 729 1915 ex
751 1851 807 1915 illo
828 1871 1016 1934 percensere
1031 1848 1186 1914 beneficia

182 1951 208 1992 20
221 1934 374 2019 principis
402 1958 481 2020 quae
508 1959 543 2000 1n
565 1937 675 2000 orbern
702 1936 771 2000 siue
798 1935 893 2000 modo
920 1934 1086 1999 redeuntia
1112 1955 1185 1997 con-
1281 1973 1282 1990 r

220 2023 310 2083 texta
335 2020 401 2083 eius
423 2020 622 2104 benignitate
642 2020 804 2084 fulserunt
824 2020 871 2083 ita
892 2019 1020 2084 infinita
1041 2039 1185 2100 numero,

222 2103 394 2166 commodis
421 2125 556 2188 magna,
585 2107 620 2166 ut
643 2125 815 2186 numquam
844 2104 1039 2167 obliuionem
1062 2102 1185 2187 gratiae

221 2184 397 2249 obductura
420 2187 462 2250 sit
483 2188 536 2250 uel
549 2187 722 2251 multitudo
745 2189 888 2253 omnium
910 2187 962 2251 uel
977 2187 1101 2252 utilitas
1122 2187 1185 2250 sin·

221 2269 377 2354 gulorum.
407 2272 546 2354 sensisti,
569 2270 684 2354 Roma,
707 2272 838 2336 tandem
861 2294 966 2336 arcem
987 2275 1020 2335 te
1042 2272 1186 2336 omnium
1280 2331 1281 2338 ,

182 2371 207 2413 ss
219 2354 365 2440 gentium
388 2359 420 2419 et
434 2358 591 2420 terrarum
613 2377 683 2420 esse
697 2359 855 2442 reginam,
881 2379 953 2421 cum
975 2377 1014 2419 ex
1037 2355 1187 2419 omnibus

220 2439 394 2523 prouinciis
421 2461 440 2504 o
464 2442 590 2505 timates
618 2441 705 2505 uiros
732 2442 837 2506 curiae
860 2445 933 2506 tuae
954 2439 1185 2525 pignorareris,

219 2527 257 2586 ut
283 2527 411 2588 senatus
464 2525 581 2610 'gnitas
608 2547 674 2590 non
701 2527 831 2590 nomine
858 2547 953 2609 quam
979 2546 1014 2588 re
1042 2527 1127 2589 esset
1151 2523 1187 2586 il-

220 2606 358 2688 lustrior,
383 2628 455 2672 eum
478 2630 516 2673 ex
537 2611 637 2673 totius
659 2609 745 2673 orbis
767 2610 844 2674 flore
868 2612 1037 2674 constaret.
1098 2607 1186 2692 opuli
1279 2675 1280 2681 ἵ

220 2713 296 2755 uero
323 2691 461 2756 Romani
488 2693 538 2757 uis
565 2693 621 2758 illa
648 2697 682 2758 et
709 2693 897 2780 magnitudo
923 2631 1117 2758 uenerabilis
1145 2691 1186 2754 ad

180 2792 207 2836 tc
220 2776 393 2860 imaginem
427 2779 629 2863 antiquitatis
662 2779 761 2843 relata
794 2799 860 2843 non
891 2778 1023 2842 licentia
1058 2777 1186 2841 effrenis

287 2968 303 3014 2
323 2967 574 3016 abstinentissimos
592 2969 770 3032 imperatores
788 2970 823 3028 Π,
840 2983 910 3018 corr.
928 2981 954 3016 v
973 2964 984 3032 {l
1005 2967 1020 3016 3
1038 2963 1119 3016 locul.
1137 2963 1160 3012 A
1176 2959 1184 3026 ll

219 3032 388 3083 4h0rtatrix
407 3036 553 3084 Acidaliae:
573 3035 697 3084 ornatrix
714 3036 743 3082 1
770 3033 780 3100 ss
810 3037 825 3084 6
844 3035 927 3084 etiam
946 3036 975 3083 in
993 3034 1061 3096 ipsis
1080 3029 1185 3097 pastu

220 3095 227 3162 ll
245 3101 405 3152 louddidi:
423 3102 641 3151 om.1iaotata
659 3109 701 3152 est
717 3116 743 3151 w
763 3099 773 3168 ΙΙ
796 3105 812 3154 8
829 3103 974 3166 intemper.
993 3115 1125 3166 generare
1143 3100 1160 3147 0
1177 3095 1185 3162 Η

221 3168 253 3216 10
270 3167 306 3216 ad
323 3184 369 3218 om.
388 3171 421 3216 W
444 3167 453 3233 ΙΙ
484 3172 514 3218 11
534 3169 723 3220 arbitraturus
746 3166 757 3235 ΙΙ
786 3171 818 3222 13
837 3169 959 3220 admixta
976 3168 999 3217 A
1017 3165 1108 3218 Bert:
1126 3180 1185 3230 por·

219 3233 305 3282 mixta
322 3235 343 3282 11
360 3237 378 3283 0
396 3236 464 3285 VW
485 3234 495 3301 ΙΙ
517 3239 549 3285 14
566 3234 725 3286 uenerabile
741 3237 818 3287 Bere.
834 3236 838 3302 Ι
854 3235 1023 3286 renidentem
1041 3235 1101 3285 cdd.
1122 3231 1133 3298 fl
1154 3233 1185 3281 16

218 3297 341 3351 homines
359 3319 419 3368 ego:
442 3319 537 3354 omnes
556 3306 595 3365 113
619 3306 726 3353 alterum
744 3318 835 3354 omnes
852 3306 954 3354 redusit
972 3305 1099 3366 Jeeperus
1119 3301 1130 3365 Ι
1153 3301 1184 3350 1'1

219 3363 271 3428 ita]
291 3371 347 3416 tam
366 3371 399 3418 W
420 3368 429 3435 ΙΙ
451 3372 595 3422 tourtam
611 3373 651 3432 Ι,
671 3386 740 3422 corr.
760 3373 889 3428 Liuineius
909 3367 920 3436 ΙΙ
940 3373 972 3421 21
992 3370 1130 3420 fulserunt
1147 3380 1184 3416 w:

219 3433 364 3498 pulsarunt
381 3439 409 3485 Ι
423 3440 427 3500 Ι
443 3442 548 3488 tamaro
560 3439 583 3486 Δ
600 3436 659 3503 1122
678 3438 816 3489 obliuione
834 3441 869 3500 Ι,
887 3455 955 3489 corr.
969 3452 994 3486 w
1011 3436 1070 3502 1126
1088 3437 1184 3502 pigne·

219 3501 321 3550 rareris
338 3501 358 3549 B
376 3505 394 3551 0
412 3503 434 3550 V
450 3504 483 3553 W
500 3505 689 3569 pigneraueris
707 3507 765 3555 edd.
