2582 3992
235 180 296 244 110
531 183 581 234 111.
619 183 674 234 ca.
693 183 903 234 urinarum

233 332 294 395 mis
330 331 464 415 Alpibus
496 332 566 396 uiso
599 331 695 397 Italia
729 333 937 416 contremuit,
975 333 1085 398 statim
1120 356 1204 419 peon

234 436 374 500 agroque
396 417 520 481 deserto
548 437 659 481 omnes
679 415 821 480 familiae
842 417 1148 484 rusticanaesiluas
1169 425 1207 486 et

232 499 371 563 ferarum
394 501 510 565 cubilia
532 501 682 584 petinere.
724 521 787 584 quo
808 501 922 566 nuntio
945 506 1076 586 accepto
1099 506 1201 570 omni-

233 585 292 648 bus
320 585 446 669 oppidis
471 587 589 650 matres
611 584 711 650 Italae
740 606 841 668 pensa
864 607 881 650 e
903 586 1050 651 manibus
1077 588 1200 654 abisue

208 672 324 752 erunt,
376 689 469 732 aruos
497 669 615 734 liberos
644 672 787 752 arreptos
815 669 855 734 ad
876 671 997 755 templa
1022 674 1203 757 traxerunt,

233 753 278 816 ibi
301 692 395 818 aedis
417 773 523 817 sacras
546 774 639 837 passo
662 754 778 837 capillo
800 775 858 818 suo
880 776 1022 839 quaeque
1038 759 1202 841 uertebat,

233 837 322 901 uario
367 837 476 900 lanctu
498 837 686 922 ploratuqne
707 838 825 902 futuris
850 838 993 904 cladibus
1014 841 1127 905 omina
1149 842 1200 906 da-

232 921 327 1003 bant,
346 859 594 987 lrasimennum
617 926 650 987 et
664 922 791 988 Cannas
813 923 922 988 dolore
937 946 1092 1022 praesago
1111 948 1202 1010 prae-

233 1006 402 1070 canebant.
424 1027 510 1071 nunc
525 1009 642 1090 autem,
658 1009 695 1071 ut
706 1009 845 1092 primum
861 1030 899 1072 ex
913 1013 1057 1092 utrisque
1064 1010 1200 1095 'Alpium

195 1090 265 1154 10iu
292 1091 316 1156 's
338 1093 481 1154 uestrum
501 1111 621 1156 numen
643 1092 775 1172 eilirlsit,
801 1095 870 1158 tota
892 1093 986 1156 Italia
1007 1093 1125 1158 clarior
1145 1095 1201 1174 lux

233 1173 265 1237 di
312 1196 362 1257 sa,
395 1175 543 1239 omnibus
576 1176 631 1260 qui
659 1180 870 1260 suspexerant
903 1199 1002 1275 aeque
1031 1177 1201 1244 admiratio
1242 1196 1247 1210 '

233 1262 328 1343 atque
350 1257 507 1324 dubitatio
530 1260 662 1342 iniecta,
691 1262 859 1344 ecquinam
882 1261 933 1325 dei
954 1261 1019 1326 illis
1040 1265 1200 1328 montium

231 1344 405 1408 uerticibus
427 1344 588 1408 orirentur
609 1349 665 1408 aut
685 1343 736 1408 his
751 1345 904 1430 gradibus
926 1347 962 1410 in
999 1367 1087 1411 erras
1109 1349 1200 1413 caelo

233 1427 484 1494 descenderent?
528 1431 565 1493 ut
596 1450 673 1494 nero
700 1430 832 1514 propius
865 1431 1060 1515 propiusque
1094 1435 1199 1516 coepti

194 1533 219 1574 rs
233 1514 309 1577 estis
342 1514 489 1598 agnosci,
526 1534 636 1578 omnes
667 1514 739 1598 agri
766 1514 887 1598 oppleti
920 1535 986 1578 non
1011 1515 1202 1581 hominibus

232 1597 325 1661 modo
350 1597 391 1661 ad
411 1598 579 1662 uisendum
601 1598 876 1682 procurrentibus,
906 1599 960 1662 sed
983 1600 1083 1664 etiam
1105 1623 1202 1685 pecu-

232 1681 307 1746 dum
333 1683 488 1768 gregibus
518 1681 661 1769 [remota]
691 1703 811 1766 pascua
839 1687 872 1747 et
899 1704 1031 1748 nemora
1052 1683 1200 1768 linquen-

230 1766 332 1832 tibus:
357 1788 545 1832 concursare
562 1767 647 1832 inter
661 1789 695 1832 se
710 1767 880 1851 agricolae,
902 1769 1050 1832 nuntiare
1065 1772 1202 1834 remotis

231 1851 315 1932 uisa,
340 1873 412 1916 arae
433 1850 577 1930 incendi,
600 1854 673 1916 tura
693 1852 785 1934 poni,
807 1852 886 1916 uina
907 1851 1017 1936 libari,
1045 1853 1199 1918 uictimae

193 1959 218 2000 ao
232 1936 336 2019 caedi,
360 1937 475 2000 cuncta
495 1934 613 2020 gaudio
636 1935 754 2018 calere,
778 1939 894 2001 cuncta
914 1935 1078 2020 plausibus
1097 1939 1200 2022 tripu·

231 2019 334 2102 diare3
349 2021 398 2084 dis
412 2019 645 2083 immortalibus
661 2020 770 2084 laudes
786 2023 955 2104 gratesque
971 2022 1109 2106 eantari3
1133 2044 1202 2086 non

231 2103 380 2185 opinione
406 2102 558 2184 traditus,
586 2103 642 2166 sed
669 2103 860 2187 conspicuus
889 2109 921 2169 et
946 2126 1100 2188 praesens
1125 2105 1202 2190 Iup-

256 2188 315 2250 'ter
338 2188 481 2250 cominus
502 2186 663 2271 inuocari3
692 2209 759 2252 non
781 2189 921 2272 aduena,
945 2191 1001 2254 sed
1022 2191 1203 2273 imperator

230 2209 385 2334 lleroules
407 2270 544 2335 adorari.

193 2378 219 2418 as
294 2353 350 2419 XI.
404 2353 487 2430 Quid
514 2355 608 2438 illud,
642 2355 674 2420 di
702 2356 796 2422 boni!
834 2357 926 2440 quale
953 2359 1056 2442 pietas
1089 2362 1204 2423 uestra

231 2439 449 2522 spectaculum
471 2439 570 2523 dedit,
594 2461 666 2504 oum
687 2441 722 2505 in
743 2441 979 2506 Mediolanensi
1000 2441 1120 2526 palatio
1145 2443 1201 2508 ad·

229 2524 335 2587 missis
366 2525 421 2608 qui
447 2545 552 2588 sacros
578 2525 687 2588 uultus
719 2524 879 2590 adoraturi
909 2530 1001 2591 eraut
1034 2531 1201 2611 conspecti

230 2609 307 2672 estis
334 2609 428 2672 ambo
455 2611 487 2673 et
509 2609 771 2674 consuetudinem
799 2610 954 2694 simplicis
981 2612 1202 2676 uenerationis

230 2692 392 2776 geminato
419 2693 551 2757 numine
576 2697 709 2777 repente
731 2695 897 2759 turbastis!
934 2716 1031 2760 nemo
1052 2697 1202 2761 ordinem

192 2799 217 2840 ac
230 2777 397 2841 numinum
425 2777 520 2842 solita
546 2781 673 2843 secutus
699 2782 749 2843 est
771 2778 954 2864 disciplina3
988 2801 1101 2845 omnes
1124 2781 1201 2846 ado-

299 2971 311 3016 1
343 2981 434 3032 eeug:
447 2967 570 3030 pecuali
582 2963 592 3032 ss
605 2969 620 3016 2
632 2967 853 3032 agriqueABcV
868 2969 873 3030 Ι
888 2967 1000 3018 deserta
1010 2969 1058 3016 BV
1069 2967 1201 3019 desertio

229 3033 305 3084 Bere.
322 2984 340 3098 l
355 3037 373 3084 4
391 3030 511 3098 oppidis]
531 3033 647 3084 urbibus
665 3048 690 3082 w
704 3035 709 3098 Ι
724 3035 814 3086 Italae
833 3037 908 3088 edd:
925 3035 1024 3086 italiae
1041 3036 1088 3100 ΠΙ
1109 3050 1202 3100 pensa

231 3103 339 3152 cedd:
363 3115 448 3164 pense
466 3103 489 3150 Δ
506 3101 526 3148 B
545 3101 567 3148 V
587 3116 675 3165 pensa
693 3103 710 3150 0
728 3115 753 3149 w
782 3099 792 3166 11
822 3104 980 3168 barreptos
997 3103 1042 3152 W:
1066 3103 1202 3168 abreptos

229 3168 251 3216 A
263 3167 283 3216 B
295 3169 313 3218 0
325 3169 347 3216 V
363 3166 373 3232 ΙΙ
390 3170 406 3218 6
423 3163 519 3234 passo]
534 3182 629 3232 sparso
647 3182 672 3216 w
688 3165 699 3234 ΙΙ
716 3171 731 3220 7
749 3171 830 3218 uario
841 3172 864 3219 Α
873 3171 906 3217 W
917 3169 1006 3220 Besa:
1023 3186 1070 3220 om.
1083 3170 1105 3218 B
1117 3173 1136 3218 11
1149 3173 1174 3218 V
1194 3169 1198 3227 1

230 3237 320 3284 omnia
337 3233 424 3300 11118
443 3235 564 3299 praecia.
580 3238 613 3284 W
630 3233 640 3300 11
658 3237 687 3284 11
709 3251 797 3301 aeque
816 3239 961 3288 Liuineius:
979 3242 1064 3302 atquc
1082 3238 1111 3285 1
1131 3234 1145 3304 Η
1167 3240 1202 3288 12

228 3299 348 3367 iniecta]
366 3307 450 3353 uecta
468 3305 485 3352 0
504 3300 509 3366 Ι
529 3304 674 3368 ecquinam
691 3305 838 3355 Liuineius:
858 3309 886 3354 et
904 3305 1014 3370 quinam
1030 3307 1059 3353 Ι
1076 3309 1120 3354 est
1139 3308 1204 3371 qui·

229 3385 292 3419 nam
310 3383 335 3417 w
354 3367 359 3434 Ι
380 3370 426 3420 dei
445 3371 584 3420 Gruterus:
603 3370 635 3420 de
654 3373 682 3419 Β
698 3367 708 3435 ΙΙ
726 3373 757 3422 13
776 3377 824 3421 aut
842 3389 904 3436 epo:
923 3388 959 3423 an
975 3375 1005 3420 Ι
1021 3371 1054 3436 le
1073 3371 1156 3424 caelo
1175 3386 1203 3421 w

228 3438 238 3500 ΙΙ
251 3439 281 3488 17
300 3442 406 3488 remota
422 3439 515 3487 seclusi
525 3434 535 3500 11
550 3439 581 3487 18
592 3439 704 3487 remotis
716 3441 811 3503 scripsi
815 3458 823 3487 .-
842 3441 909 3490 totis
920 3441 948 3488 B
960 3441 1066 3506 ignotis
1078 3439 1203 3490 Schwar-

229 3507 282 3555 2ins
300 3505 367 3556 totis
385 3505 453 3554 uicis
472 3505 605 3556 Acidaliae
617 3501 627 3569 ss
646 3506 677 3556 19
696 3521 759 3556 aree
777 3507 844 3555 ΑΨ
860 3505 870 3572 ΙΙ
887 3509 919 3558 23
938 3507 1069 3559 aduocari
1087 3506 1165 3557 Bert.
