2572 3990
501 236 716 288 PRAEFATIO.
874 197 877 203 ·
1027 236 1093 290 XIX
1128 235 1129 240 ’

125 390 159 450 in
181 387 366 450 membranis
390 401 546 450 exaratum
569 387 623 467 (ad
638 391 820 452 familiamc
841 395 976 472 pertinet
997 395 1093 454 'ethic
1132 421 1133 424 ¹

124 476 204 548 illic,
234 494 272 535 ex
300 474 482 555 cuspiniani
510 485 584 555 puto
613 475 762 548 editione,
792 476 996 556 interpolatus
1024 476 1091 555 est),

124 580 217 640 porro
232 568 354 620 ueteres
375 559 495 620 schidae
512 579 531 618 a
547 557 657 620 Oarolo
672 561 792 640 Langio
807 562 849 626 ad
863 562 1093 622 Frobenianam

124 645 291 704 lectionem
317 644 455 704 conlatas
485 642 543 722 (nil
564 646 625 704 nisi
647 663 745 705 meras
766 646 880 724 Langii
903 649 1092 707 coniecturas

126 727 318 808 continent);
355 739 420 789 tum
451 729 621 809 apographi
648 729 851 790 Bertiniensis
881 751 899 790 a
925 731 1090 791 Francisoo

124 813 231 874 Medio
265 814 379 874 conlati
406 814 554 874 lectiones
583 809 732 875 a'Marco
760 815 899 876 Welsero
929 815 1011 876 dono
1044 835 1091 876 ac·
1181 848 1184 853 ·

125 907 241 978 reptas.
274 899 333 958 hae
356 905 458 958 autem
477 898 626 959 lectiones
650 919 666 959 e
688 901 867 960 monasterii
886 901 1092 960 Bertiniensis

125 979 224 1063 (quod
250 981 501 1062 Andomaropole
529 981 606 1060 erat)
641 984 746 1044 codice
774 985 906 1063 quodam
932 996 1092 1065 promptae

124 1068 234 1147 quanti
256 1077 360 1128 essent
381 1069 472 1146 pretii
495 1067 610 1150 dudum
631 1069 812 1129 intellexere
834 1071 894 1130 uiri
917 1070 1009 1130 docti.
1053 1071 1092 1129 de

124 1155 192 1232 ipso
214 1145 328 1213 'codice
349 1151 473 1212 Medius
495 1152 568 1212 Kal.
591 1153 739 1232 Augustis
766 1174 794 1213 a.
816 1153 988 1215 MDXOVI
1014 1154 1100 1214 haec·

125 1238 166 1296 ad
179 1236 320 1316 Lipsium
340 1237 461 1315 scripsit
482 1231 664 1316 [Burmanni
678 1238 799 1318 sylloge
817 1241 906 1318 epist.
921 1239 938 1298 I
952 1259 984 1318 p.
1002 1235 1090 1318 110]:

124 1319 310 1382 ‘meditabor
341 1323 386 1381 sic
412 1325 534 1400 quoque
559 1329 665 1382 tamen
698 1322 861 1383 extrudere
889 1324 948 1383 hac
975 1331 1092 1384 aestate

123 1405 334 1486 Panegyricas
355 1425 440 1466 meas
455 1406 612 1480 lectiones,
636 1405 690 1465 ubi
708 1407 831 1488 multae,
854 1417 889 1466 ut
903 1427 1002 1487 spero,
1026 1429 1091 1467 non

125 1487 371 1551 contemnendae
400 1489 600 1551 delectabunt
626 1499 659 1550 te
686 1490 919 1553 emendationes
947 1501 977 1552 et
1002 1495 1091 1552 casti-

125 1576 266 1652 gationes
287 1575 390 1636 bonae
417 1595 456 1636 ex
477 1573 555 1634 libro
578 1575 781 1650 Bertiniensi,
810 1597 874 1636 non
897 1578 986 1654 nimis
1009 1575 1090 1637 bono

125 1659 177 1719 illo
200 1659 340 1740 quidem,
369 1660 425 1720 sed
452 1667 554 1718 tamen
580 1659 635 1718 tali
662 1668 697 1719 ut
718 1661 793 1720 mihi
821 1660 936 1721 adeas
960 1662 1092 1722 faculam

125 1745 334 1822 praeluxerit!
365 1775 404 1786 -
432 1744 515 1803 hunc
541 1743 690 1817 codicem,
722 1744 796 1803 lieet
816 1744 928 1804 multas
950 1748 1091 1824 egregias

67 1839 72 1848 “
124 1829 274 1888 lectiones
295 1828 458 1908 praebeat,
482 1837 600 1902 tamen,
628 1829 701 1907 quia
723 1829 753 1887 ei
775 1849 843 1888 cum
865 1837 1035 1889 ceterorum
1055 1831 1091 1888 li·

124 1913 247 1974 brorum
275 1913 433 1993 scripturis
450 1933 530 1972 non
558 1915 751 1986 conueniret,
789 1913 874 1974 haud
901 1933 970 1973 raro
998 1915 1091 1974 inter-

124 1999 291 2077 polationis
313 2017 400 2057 reum
421 1997 562 2057 fecerunt
586 1996 677 2059 docti.
722 2017 806 2058 nunc
829 1999 950 2059 demum
975 2001 1090 2078 recipe-

124 2091 189 2142 rato
213 2102 232 2140 a
255 2102 302 2142 me
325 2082 431 2142 codice
450 2081 628 2161 Upsaliensi
650 2082 734 2142 illius
756 2101 880 2162 quoque
902 2085 1092 2162 praestantia

123 2167 217 2246 plane
237 2167 272 2224 fit
293 2167 468 2227 manifesta.
513 2175 647 2226 ceterum
668 2166 709 2226 ad
731 2167 855 2246 plena'in
881 2168 964 2228 illius
987 2169 1090 2247 cogni·

123 2253 240 2312 tionem
260 2251 356 2311 multa
379 2250 499 2311 desunt.
528 2271 600 2310 nam
622 2261 653 2311 et
673 2271 839 2331 quamnam
860 2253 901 2313 ad
923 2253 1092 2313 editionem

123 2335 246 2396 Modius
277 2336 442 2396 contulerit
468 2335 694 2396 Bertiniensem
722 2337 874 2396 nescimus
904 2346 935 2396 et
962 2338 996 2397 in
1025 2339 1091 2397 eius

122 2419 306 2480 lectionibus
327 2420 506 2480 adferendis
521 2421 621 2498 ipsum
634 2419 813 2480 Liuineium
826 2422 877 2481 hic
891 2421 955 2482 illie
974 2441 1092 2494 errasse

122 2505 197 2565 mihi
218 2504 344 2584 quidem
366 2525 420 2584 pro
444 2503 601 2584 explorato
622 2514 677 2566 est.
706 2505 860 2584 equidem,
881 2514 917 2566 ‘ut
938 2525 994 2586 par
1015 2515 1090 2579 erat,

123 2608 229 2650 omnes
246 2587 451 2649 Bertiniensis
467 2589 631 2668 scripturas
650 2591 898 2664 commemoraui,
923 2590 962 2656 de
980 2592 1091 2672 quibus

123 2673 248 2733 disertis
276 2673 380 2733 uerbis
409 2681 538 2734 testatur
566 2675 727 2734 Liuineius
756 2671 844 2754 (nam
870 2677 903 2735 in
925 2676 973 2735 his
1000 2677 1091 2735 rebus

124 2777 161 2818 ex
187 2759 313 2818 silentio
346 2758 392 2818 nil
419 2778 510 2838 posse
537 2760 679 2819 concludi
707 2759 907 2839 prudentium
937 2761 1092 2820 consentit

123 2841 258 2922 opinio),
294 2844 430 2923 exceptis
458 2845 601 2903 nimirum
628 2845 672 2904 eis
699 2863 774 2923 quas
804 2864 872 2905 cum
899 2843 933 2903 Μ
962 2863 1092 2904 consen·

122 2928 235 2988 tientes
264 2935 296 2987 et
322 2926 497 2988 indubitate
523 2947 612 2987 ueras
640 2929 674 2986 in
702 2929 803 3005 ipsum
828 2927 993 2989 uerborum
1019 2948 1089 2988 oon·

125 3019 239 3071 textum
268 3013 381 3092 recepi.
424 3013 485 3071 iam
511 3011 545 3070 in
566 3011 744 3071 uniuersum
772 3011 798 3070 si
821 3031 884 3071 rem
906 3021 1090 3092 spectamus,

124 3094 199 3157 liber
220 3097 427 3158 Bertiniensis
448 3097 524 3157 locis
546 3096 701 3176 plerisque
724 3115 792 3155 cnm
813 3095 848 3156 Μ
868 3098 1030 3171 consentit,
1056 3097 1090 3157 id

124 3181 205 3257 quod
228 3182 321 3241 etiarn
344 3183 382 3242 de
406 3182 450 3242 eis
468 3180 580 3260 quibus
602 3181 682 3241 nihil
705 3199 744 3262 ex
764 3180 819 3241 illo
842 3182 1022 3243 adnotatum
1045 3192 1091 3242 est

123 3262 256 3325 statuere
284 3266 368 3326 licet.
411 3267 519 3327 insunt
539 3273 643 3326 tamen
669 3265 717 3325 illi
738 3265 887 3346 lectiones
917 3286 972 3328 eae
998 3286 1089 3347 quae,

124 3351 267 3426 quoniam
297 3370 336 3410 ex
359 3349 477 3412 scribae
506 3349 637 3412 alicuius
665 3349 818 3411 cerebello
842 3351 1001 3431 profectae
1023 3372 1090 3412 esse

124 3451 186 3492 non
209 3441 352 3512 possunt,
383 3434 468 3496 illum
489 3455 554 3496 nou
583 3456 622 3496 ex
643 3436 711 3515 ipso
731 3433 767 3494 Π
794 3437 944 3516 originem
965 3435 1090 3496 duxisse

126 3517 284 3597 euincant;
316 3519 357 3580 cf.
379 3539 426 3582 ex.
451 3539 494 3600 pr.
517 3539 548 3599 p.
572 3521 621 3594 93,
647 3521 686 3579 18
710 3520 882 3581 ‘oceanum’
907 3524 1007 3580 Bert:
1030 3540 1088 3580 om.

850 3631 887 3688 ὐἱ
