2586 3996
206 189 269 254 256
548 191 595 240 xi.
624 183 842 242 usuunrmr·

207 341 291 404 hunc
319 339 431 403 urbem
452 339 615 404 frumento
642 338 816 403 uenissent.
860 360 919 402 nos
947 359 1060 403 uocem
1085 339 1177 403 illam

207 426 276 489 noti
299 425 414 488 amoris
437 425 473 487 in
486 424 626 507 patriam
643 424 845 506 putabamus
868 444 940 487 cum
961 423 1178 506 proditionem

207 509 306 572 futuri
339 508 509 572 uerborum
543 509 679 593 ambago
713 508 846 572 celeret:
891 509 955 572 iam
988 511 1071 592 tum¹
1090 509 1178 572 enim

208 597 361 657 uenturae
384 592 548 656 felicitatis
576 594 725 656 euentum
754 591 901 656 conscius
924 591 1027 656 diuini
1050 593 1177 658 enimus

86 747 92 752 ,
184 677 426 761 sprceuidcbct.

271 761 342 826 XV.
394 761 447 827 Ois
470 761 621 845 pauculos
644 761 711 824 dies
739 761 774 824 in
799 782 919 824 nouum
949 782 986 824 ac
1009 761 1179 825 florentem

209 849 329 912 statum
349 868 384 910 re
405 846 533 930 publica
555 845 713 924 restituto,
738 866 828 909 sacra
850 867 940 909 mens
963 845 1003 908 cd
1018 845 1179 910 honorum

208 933 338 1016 fastigio
359 935 392 995 et
406 931 654 1014 magistratuum
674 932 864 994 ornamento
877 930 1026 1012 respexit.
1055 931 1179 995 uersari

210 1017 315 1098 coepit
336 1015 370 1078 in
394 1017 476 1078 sacri
497 1015 636 1098 pectoris
659 1014 788 1077 comitio
810 1015 1003 1078 consulatus.
1032 1014 1109 1098 quid
1132 1036 1179 1078 se·

172 1125 196 1162 ro
210 1104 302 1164 cutus
323 1101 366 1162 sit
380 1099 449 1182 ipsc
470 1100 531 1163 scit
546 1103 579 1163 et
593 1120 675 1182 quae
691 1101 807 1162 cuncta
822 1098 957 1162 consilia
977 1099 1044 1162 eius
1059 1100 1179 1183 gaudet

209 1185 346 1248 formare
369 1183 531 1248 diuinitas.
562 1184 600 1247 dc
623 1183 771 1248 omnibus
793 1182 929 1248 Romani
952 1183 1078 1266 imperii
1101 1184 1178 1247 uiris

209 1269 331 1352 primus
359 1268 477 1332 electus
505 1290 590 1350 sum,
629 1289 700 1332 cum
728 1267 883 1332 honorem
917 1289 1023 1332 meum
1053 1267 1178 1332 adoreis

210 1353 401 1417 militaribus
423 1353 580 1437 gloriosus
603 1352 727 1436 collega
749 1353 934 1416 cumularet.
963 1351 1085 1436 gratias
1108 1352 1179 1436 tibi,
1280 1358 1283 1369 '

210 1438 342 1522 gratias,
365 1437 551 1520 imperator,
576 1437 604 1501 si
625 1437 741 1501 mereri
762 1458 813 1500 mc
829 1436 1002 1517 credidisti,
1025 1442 1058 1501 et
1071 1436 1179 1520 plures

173 1542 197 1581 15
251 1521 343 1604 atius,
366 1522 551 1604 imperator,
576 1523 745 1586 sitantum
762 1521 876 1586 amasti
898 1524 936 1585 ut
950 1542 1000 1586 mc
1016 1521 1182 1586 consulem

225 1628 332 1670 aceres
358 1606 455 1670 etium
483 1628 550 1670 non
571 1609 759 1671 merentem.
804 1627 864 1670 nec
886 1607 999 1689 ignoro
1021 1607 1180 1671 maximos

210 1691 346 1754 honores
374 1690 415 1754 cd
436 1712 551 1774 parum
579 1690 694 1775 dignos
722 1691 857 1774 penuria
884 1689 1051 1754 meliorum
1079 1691 1181 1754 solere

212 1775 338 1857 deferri,
363 1776 499 1840 sednon
521 1797 635 1840 uereor
656 1797 698 1839 ne
741 1775 789 1839 uis
811 1774 1032 1840 maliuolorum
1054 1777 1090 1838 in
1106 1797 1181 1839 con-

211 1860 318 1922 sulatu
338 1881 409 1924 meo
432 1860 464 1922 id
487 1862 630 1923 autumet
651 1797 812 1924 accidisse.
842 1859 868 1923 si
892 1859 962 1943 quis
982 1859 1043 1924 hoc
1062 1859 1180 1924 liuidus

145 1947 154 1954 ‘
173 1962 199 2001 ro
211 1943 346 2024 iactitat,
364 1944 434 2028 ipso
445 1949 589 2027 tempore
603 1944 776 2030 refutatum
793 1944 945 2008 aduersus
956 1965 1051 2028 quem
1063 1943 1181 2008 dixisse

211 2029 289 2092 sctis
318 2032 382 2091 est:
419 2029 483 2092 iam
512 2033 581 2092 tum
608 2030 747 2112 principi
774 2033 884 2092 nostro
908 2027 1012 2094 Roma
1033 2029 1180 2111 parebat.

212 2113 309 2194 quid?
333 2111 416 2194 quod
438 2111 521 2174 nihil
539 2114 683 2195 speranti
705 2112 785 2177 mihi
800 2114 839 2176 de
853 2113 984 2176 honoris
1007 2117 1181 2197 augmento

214 2200 329 2277 (neque
352 2197 437 2280 enim
459 2196 544 2259 ultra
559 2197 795 2279 praefecturam
818 2219 851 2260 se
868 2202 1015 2262 uotorum
1038 2220 1182 2262 meorum

211 2279 368 2344 modestis
382 2279 581 2364 porrigebat)
604 2281 767 2364 perfertur
788 2282 919 2346 nuntius
943 2282 1108 2346 consulem
1129 2304 1182 2346 mc
1280 2311 1292 2339 s

175 2369 356 2428 recreatum
381 2365 451 2428 sine
473 2366 651 2448 impendio,
680 2367 766 2450 quod
788 2367 852 2430 ium
874 2365 929 2430 diu
951 2366 1077 2449 paucis3
1111 2368 1182 2430 sine

212 2448 331 2532 labore,
353 2449 439 2532 quod
459 2471 647 2534 numquem3
674 2452 744 2514 sine
766 2450 930 2533 petitione,
953 2451 1037 2534 quod
1058 2452 1183 2524 nemini

212 2536 322 2596 euenit.

275 2615 365 2681 XVI.
419 2616 496 2692 Quis
524 2618 653 2700 ignoret
678 2622 747 2682 tum
774 2640 914 2703 quoque,
944 2641 1016 2683 cum
1043 2619 1182 2683 honores

212 2701 323 2784 populi
339 2700 477 2766 Romani
500 2701 660 2786 suffragiis
680 2703 927 2786 mandabantur,
949 2703 1067 2768 multos
1081 2701 1183 2768 fuisse

174 2803 199 2841 ³0
214 2786 455 2850 candidatorum
478 2787 625 2852 labores?
670 2788 840 2852 ediscenda
866 2789 1009 2852 omnium
1037 2788 1183 2872 nomina,

212 2870 358 2934 tributim
372 2871 517 2935 homines
533 2875 627 2955 atque
645 2873 741 2936 ctiam
756 2873 876 2957 singuli
891 2873 1063 2954 salutandi,
1086 2894 1184 2956 pren-

212 3059 415 3068 -—-—-—.—

280 3179 297 3224 4
319 3183 449 3227 euentum
466 3178 488 3225 Δ
506 3177 595 3227 Βενι.,·
619 3194 665 3227 om.
687 3179 707 3226 B
726 3181 744 3226 0
761 3180 783 3226 V
800 3179 833 3226 w
862 3177 871 3243 ΙΙ
901 3180 916 3228 8
940 3179 1056 3243 fastigio
1072 3179 1109 3227 A:
1133 3195 1183 3230 om.

212 3242 234 3289 B
246 3244 264 3289 0
276 3244 298 3290 V
309 3245 343 3292 W
363 3241 374 3308 ΙΙ
401 3248 430 3294 10
449 3259 517 3309 quae
535 3249 635 3294 cuncta
651 3247 759 3310 scripsi:
778 3261 966 3311 quascumque
983 3249 1012 3294 Η
1035 3243 1045 3312 [Ι
1070 3249 1101 3296 15
1120 3263 1185 3312 gra·
1288 3303 1289 3316 ἵ

213 3309 281 3361 tiam
300 3313 318 3358 0
346 3308 357 3375 ΙΙ
387 3313 419 3361 18
438 3312 586 3365 consulatu
604 3328 661 3362 mco
679 3313 700 3360 B
717 3315 735 3361 0
754 3315 775 3361 V
792 3327 817 3361 w
834 3313 924 3364 Bert:
945 3313 1092 3364 consulatu
1110 3329 1143 3364 eo
1160 3316 1186 3364 Δ
1288 3327 1289 3367 3

216 3371 228 3439 ll
258 3379 289 3426 19
307 3377 419 3427 liuidius
436 3381 458 3428 B
476 3381 493 3428 0
511 3380 533 3426 V
550 3381 583 3428 w
606 3378 616 3445 ΙΙ
640 3382 670 3429 21
690 3379 759 3444 tum]
779 3386 868 3430 temen
887 3383 945 3431 edd.
975 3383 1112 3431 nesciocui
1130 3399 1184 3431 me·
1286 3435 1287 3438 ,

214 3445 262 3492 lius
291 3441 301 3508 ΙΙ
330 3447 362 3493 22
381 3447 556 3510 spectantiB
579 3449 762 3511 separetimll
790 3445 801 3513 ΙΙ
830 3451 863 3498 24
881 3450 1017 3512 prefertur
1034 3450 1054 3497 B
1072 3450 1091 3496 0
1108 3450 1131 3497 V
1150 3450 1186 3498 W
1287 3457 1288 3466 ¹

216 3508 229 3577 ll
248 3513 281 3561 27
299 3511 392 3562 euenit
409 3516 513 3564 addidi:
531 3531 578 3567 om.
596 3516 623 3562 Μ
646 3512 657 3579 Ι]
681 3518 712 3566 31
732 3516 861 3566 tributum
879 3518 902 3565 A
919 3518 939 3566 B
957 3517 975 3562 0
991 3515 995 3581 Ι
1010 3531 1104 3566 omues
1122 3530 1148 3566 w
