2582 3992
161 284 164 292 ,
232 221 274 288 92
490 225 526 276 11.
563 224 618 275 cn.
637 221 845 276 1111111111
864 225 943 276 eru.

231 373 380 459 publicae
403 395 512 438 curam
526 375 559 438 et
576 373 676 439 totius
699 373 785 438 orbis
806 372 873 436 fata
895 373 1056 457 suscipere
1073 376 1106 437 et
1121 373 1208 440 obli·
1278 365 1279 380 ¹

232 461 303 524 tum
374 457 562 523 odammodo
598 458 647 522 sui
680 457 830 543 gentibus
863 457 973 524 uiuere
1007 460 1039 521 et
1068 457 1105 522 in
1134 461 1209 523 tam
1274 452 1277 470 ”

233 543 331 608 arduo
369 563 557 608 umanarum
572 562 678 606 rerum
698 546 783 607 stare
803 541 945 626 fastigio,
966 563 1005 606 ex
1022 563 1085 626 quo
1100 543 1207 608 ueluti

231 631 335 692 terras
357 648 469 692 ornnes
496 630 529 692 et
557 627 659 691 maria
688 627 846 711 despicias
873 627 1077 712 uicissimque
1099 627 1204 692 oculis

207 731 271 777 sac
286 715 393 776 mente
410 711 576 776 collustres
596 711 652 776 ubi
674 711 716 776 sit
737 714 824 776 certa
839 712 1005 796 serenitas,
1027 712 1083 776 ubi
1105 712 1207 778 dubia

233 800 417 883 tempestas,
440 795 495 881 qui
514 795 672 862 iustitiam
690 799 832 860 uestram
852 796 972 860 iudices
988 795 1205 880 aemulentur,
1274 860 1275 872 ,

234 881 288 966 qui
310 880 438 945 uirtutis
460 883 588 946 uestrae
610 881 747 966 gloriam
774 880 870 945 duces
893 883 1032 963 seruent,
1056 881 1205 964 accipere

233 965 483 1030 innumerabiles
497 965 638 1049 undique
660 966 800 1049 nuntios,
822 965 956 1031 totidem
977 965 1132 1030 mandata
1156 967 1204 1030 di·

233 1050 371 1132 mittere,
400 1049 438 1114 de
460 1053 511 1115 tot
534 1051 662 1115 urbibus
691 1052 723 1114 et
750 1050 936 1115 nationibus
964 1053 997 1118 et
1047 1051 1206 1116 rouinciis

196 1135 389 1220 recogitare,
417 1138 529 1200 noctes
551 1156 661 1200 omnes
684 1135 814 1218 diesque
836 1135 962 1220 perpeti
984 1157 1019 1200 so
1049 1135 1206 1200 'citudine

234 1239 293 1304 pro
315 1220 458 1284 omnium
480 1219 582 1284 salute
603 1220 792 1306 transigere.

289 1303 348 1370 IV.
371 1303 461 1369 Haec
480 1305 589 1369 omnia
609 1325 681 1370 curn
704 1325 723 1369 a
744 1305 845 1368 fratrc
866 1303 987 1388 optimo
1009 1303 1119 1368 oblata
1134 1325 1207 1368 sus*

235 1389 366 1473 ceperis,
389 1393 426 1454 tu
441 1389 547 1474 fecisti
561 1389 697 1474 fortiter,
720 1389 774 1454 ille
795 1389 965 1473 sapienter.
989 1409 1092 1473 noque
1115 1389 1208 1454 enim

235 1494 309 1538 curn
330 1473 523 1558 reipublicae
544 1496 660 1540 nauem
683 1473 839 1540 secundus
862 1496 882 1538 a
902 1470 1007 1558 puppi
1024 1473 1121 1537 flatus
1143 1473 1203 1536 im·
1266 1484 1270 1493 “

198 1559 386 1708 britti
409 1557 1208 1727 11111111111111111111111111111

234 1723 306 1792 rum
328 1727 434 1794 labem
456 1728 602 1794 diuinum
624 1728 719 1794 modo
741 1749 779 1792 aa
801 1749 843 1792 ne
864 1726 898 1791 id
920 1727 1047 1811 quidem
1068 1728 1205 1791 unicum

233 1813 395 1878 sufficeret
427 1813 596 1894 auxilium,
631 1812 858 1897 praecipitanti
892 1813 1038 1877 Romano
1077 1812 1206 1876 nomini

234 1897 325 1961 iuxta
344 1898 522 1982 principem
548 1897 680 1981 subisti3
709 1897 819 1962 eadem
837 1897 961 1962 scilicet
981 1895 1131 1961 auxiliis
1155 1918 1205 1960 or·

196 2001 222 2041 ro
234 1982 374 2047 tunitatc
396 2003 459 2066 qua
479 1985 554 2046 tuus
569 1980 724 2046 Hercules
744 1981 855 2047 Iouem
876 1984 1019 2046 uestrum
1040 1919 1205 2065 quondam

164 2103 172 2124 2
233 2066 469 2151 terrigenarum
484 2064 569 2130 bello
589 2065 789 2130 laborantem
810 2087 928 2152 magna
941 2065 1094 2132 uictoriae
1110 2069 1206 2150 parte

234 2150 318 2224 iuuit
338 2150 550 2234 probauitque
571 2171 691 2215 senon
711 2150 814 2236 magis
838 2173 856 2216 a
877 2152 926 2215 dis
949 2151 1110 2234 accepisse
1134 2171 1207 2214 cae-

233 2233 301 2298 lum
329 2255 424 2318 quam
453 2233 571 2299 eisdem
599 2233 785 2301 reddidisse.
821 2258 863 2302 an
885 2257 952 2300 non
978 2234 1058 2299 illud
1080 2235 1205 2300 malum

157 2351 158 2356 1
235 2318 338 2383 simile
365 2321 582 2384 monstrorum
613 2319 798 2385 biformium
829 2321 865 2385 in
896 2320 984 2385 hisce
1017 2320 1113 2383 terris
1142 2319 1208 2384 fuit

196 2419 222 2460 2⁵
235 2403 320 2488 quod
346 2405 415 2485 tua,
446 2404 577 2488 Caesar,
607 2405 716 2470 nescio
746 2409 855 2470 utrum
883 2405 985 2491 magis
1012 2404 1207 2468 fortitudine

235 2509 270 2553 re
293 2509 415 2554 ressum
430 2489 528 2554 sitan
543 2489 713 2556 clementia
733 2491 929 2574 mitigatum,
955 2510 1026 2555 cum
1046 2488 1207 2554 militares

234 2511 364 2638 halritus
391 2574 498 2658 ignari
530 2575 691 2661 agricolae
723 2575 962 2658 appetitarum,
993 2595 1065 2638 curn
1094 2577 1209 2638 arator

235 2657 386 2742 peditem,
409 2679 481 2723 cum
496 2665 606 2744 pastor
622 2660 768 2744 equitem,
793 2681 866 2723 cum
884 2657 1010 2724 hostem
1030 2659 1207 2723 barbarum

236 2763 366 2807 suorum
400 2744 557 2809 cultorum
594 2744 732 2809 rusticus
770 2745 915 2808 uastator
951 2743 1095 2807 imitatus
1130 2742 1206 2806 est?

197 2845 223 2886 so
236 2827 320 2913 quod
335 2849 395 2976 epo
410 2829 527 2894 cursim
564 2832 724 2894 raetereo:
739 2828 832 2893 uideo
844 2828 930 2893 enim
946 2830 987 2911 te,
1004 2849 1067 2912 qua
1080 2827 1206 2912 pietate

237 2935 285 2997 es,
314 2913 355 2978 ob
368 2913 508 2978 iuionem
530 2851 617 2979 illius
638 2913 791 2978 uictoriae
818 2913 913 2977 malle
935 2933 1031 2996 quam
1053 2913 1204 2996 gloriam.

292 2997 332 3062 V.
359 2997 442 3074 Quid
463 2999 560 3063 uero?
588 2999 707 3081 statim,
731 2998 863 3061 uixdum
883 2997 998 3061 misero
1018 2995 1075 3060 illo
1095 2995 1208 3061 furore

236 3081 359 3165 sopito,
384 3104 454 3148 cum
471 3104 581 3148 omnes
595 3081 763 3147 barbariae
783 3081 933 3146 nationes
955 3081 1114 3146 excidium
1135 3081 1207 3144 uni·

304 3288 319 3336 2
336 3286 366 3336 in
382 3285 450 3353 tam]
468 3289 555 3338 uitam
572 3289 590 3337 0
613 3285 624 3352 [Ι
652 3287 686 3336 20
702 3285 829 3336 Herculis
847 3287 871 3335 A
895 3284 905 3352 11
934 3289 967 3336 22
985 3299 1013 3336 se
1030 3287 1054 3335 A
1065 3289 1098 3335 W
1113 3285 1209 3350 01111..ι

237 3354 316 3404 11111
333 3355 351 3402 0
367 3356 390 3403 v
408 3354 417 3422 11
439 3358 471 3407 23
484 3355 571 3405 eidem
589 3356 607 3403 c
626 3351 630 3420 Ι
649 3352 794 3404 reddidisti
812 3355 835 3403 A
858 3351 868 3418 11
892 3356 925 3404 24
942 3355 1030 3404 hiisce
1047 3355 1075 3402 Ι
1092 3351 1102 3420 ll
1120 3355 1153 3404 26
1166 3352 1208 3402 sit

235 3433 391 3485 repressum
410 3421 462 3486 Wt
482 3423 611 3473 militaris
629 3437 659 3471 es
677 3419 742 3470 hab.
760 3421 783 3470 A
806 3419 816 3486 ll
840 3423 872 3472 29
890 3426 1060 3472 uastatorem
1079 3425 1111 3472 de
1128 3421 1207 3484 Rooy

234 3487 940 3607 11111103111114111111111Π181ω231111111111ἰ31Ψ
958 3503 988 3556 g:
1008 3488 1080 3553 quw
1097 3489 1126 3536 ¹
1143 3485 1153 3553 A
1170 3489 1210 3538 34
