2586 3996
182 180 245 244 248
335 145 379 198 ’·
526 182 575 234 xi.
605 182 815 233 usurarum

184 333 314 415 castris,
342 332 462 396 hiemes
491 332 526 395 in
547 330 761 396 tribunalibus
784 331 883 416 degit.
926 333 973 396 ita
999 332 1048 396 illi
1073 335 1154 398 anni

183 417 286 514 spatia
314 416 419 480 diuisa
445 418 521 480 suni
548 420 586 480 ut
612 419 669 479 aut
690 415 845 480 barbaros
871 417 1005 480 domitet
1032 421 1088 482 aut
1110 418 1153 482 ci·

182 502 275 565 uibus
298 501 367 565 iura
388 501 547 580 restituat,
570 503 759 583 perpetuum
775 501 939 582 professus
962 505 1017 566 aut
1040 506 1153 567 contra

182 585 308 650 hostem
332 588 387 648 aut
410 589 523 650 contra
544 585 625 648 uitia
648 588 831 648 certamen!

156 689 169 728 5
246 669 286 734 V.
312 669 401 734 Haec
422 691 516 734 uoces
531 669 662 734 fuerunt
684 669 725 732 ad
739 668 970 734 inflammanda
993 671 1065 734 odia
1081 693 1153 755 pro-

181 755 250 818 bris
272 755 420 818 omnibus
434 755 640 839 potentiores.
668 755 696 816 si
718 754 803 817 enim
825 755 1025 818 comminisci
1047 755 1154 839 aliqua

182 839 307 923 flagitia
330 841 557 922 temptassent,
586 837 680 902 facile
704 837 774 921 ipso
803 838 972 922 splendore
993 839 1097 902 laudis
1121 843 1154 904 et

183 922 306 1008 gloriae
343 923 567 987 refutarentur.
612 923 807 986 inuenerunt
843 923 1014 987 accusandi
1050 945 1154 1006 genus

184 1008 266 1090 quod
290 1007 396 1070 nullus
419 1007 588 1071 refelleret.
620 1008 673 1070 sed
697 1007 782 1092 quid,
806 1028 863 1070 oro
883 1029 951 1090 uos,
973 1009 1154 1092 principem

144 1094 330 1156 mnostrum
359 1091 465 1155 facere
493 1091 639 1155 debuisse
668 1090 827 1156 censetis?
871 1091 1033 1156 Romanas
1058 1093 1154 1156 urbes

182 1176 329 1239 hostibus
350 1175 480 1239 dederet
501 1198 542 1240 ne
566 1177 708 1239 animum
723 1175 833 1239 fratris
856 1175 1054 1240 offenderet?
1078 1199 1154 1260 pro-

183 1261 306 1324 uincias
334 1260 533 1324 firmissimas
565 1260 815 1344 utilissimasque
843 1261 890 1324 rei
917 1261 1066 1344 publicae
1094 1262 1154 1326 sub

183 1345 347 1409 obtutibus
370 1346 435 1408 suis
458 1345 627 1410 uexari-ac
650 1345 746 1428 diripi
768 1345 903 1426 sineret,
927 1346 1066 1430 nequid
1088 1347 1153 1410 Au-

161 1499 164 1505 ,
184 1433 297 1514 gustus
318 1429 402 1513 quod
418 1430 520 1494 nollet
535 1428 681 1493 audiret?
703 1429 835 1514 flagitiis
857 1429 1153 1494 administrantium

144 1533 251 1577 1511011
274 1514 368 1577 modo
390 1514 483 1578 frena
504 1515 640 1596 laxaret,
665 1513 721 1577 sed
743 1515 839 1577 etiam
861 1515 1043 1578 stimulator
1065 1536 1155 1578 acce·

185 1598 284 1681 deret,
307 1620 348 1662 ne
370 1599 455 1662 inter
469 1599 632 1683 principes
646 1598 767 1662 faceret
788 1619 913 1662 morum
929 1598 1154 1664 dissimilitudo

185 1682 398 1746 discordiam?
435 1684 576 1747 nobilem
597 1683 746 1748 Etruriae
775 1683 1012 1748 adulescentem
1033 1684 1177 1768 ferunt‚'

185 1790 257 1832 cum
279 1771 412 1852 propter
440 1768 589 1832 eximiam
615 1767 738 1831 formae
761 1767 953 1852 dignitatem
978 1767 1155 1832 multarum

184 1853 219 1914 in
241 1873 275 1916 se
297 1851 487 1917 feminarum
517 1874 642 1916 amores
665 1852 832 1934 excitaret,
860 1852 977 1916 faciem
999 1875 1089 1916 suam
1112 1853 1154 1916 ad

145 1956 171 1995 eo
184 1936 415 2000 obliterandam
455 1937 705 2020 pulcritudinem
752 1937 937 2000 uulneribus
981 1937 1152 2001 sauciasse.

184 2020 240 2085 sed
271 2021 367 2085 facile
403 2021 466 2084 fuit
502 2021 611 2085 iuueni
643 2020 796 2104 dignitati
833 2043 887 2084 cor
910 2021 972 2085 oris
1007 2019 1153 2085 decorem

183 2105 282 2168 animi
309 2107 520 2188 praeponenti
554 2108 586 2168 et
616 2104 786 2168 candorem
816 2044 997 2170 decolorare
1027 2109 1061 2169 et
1087 2106 1155 2170 oris

183 2190 323 2252 nitorem
345 2189 407 2252 alte
428 2189 581 2272 inpressis
604 2189 807 2253 cicatricibus
828 2190 1049 2254 deuenustare.
1075 2213 1155 2254 num

184 2271 305 2355 aliquid
332 2273 515 2338 huiusmodi
549 2274 699 2337 aduersus
728 2295 867 2338 amorem
902 2275 1020 2338 ciuium
1048 2274 1155 2338 facere

145 2375 170 2416 25
185 2357 294 2422 debuit
322 2357 491 2422 Iulianus?
534 2362 568 2422 at
595 2380 636 2422 ne
669 2358 774 2440 potuit
802 2359 943 2442 quidem,
977 2359 1041 2422 nisi
1068 2359 1157 2424 forte

185 2442 403 2506 existimamus
414 2443 573 2524 patientes
589 2443 759 2506 uulnerum
770 2443 890 2508 formas
906 2466 974 2508 esse
986 2445 1153 2508 uirtutum.

185 2525 308 2589 scilicet
330 2529 363 2588 et
386 2527 556 2589 candorem
585 2527 754 2610 aequitatis
776 2529 883 2611 potuit
905 2529 1094 2593 obumbrare
1121 2531 1156 2592 ct

184 2631 203 2672 a
222 2609 434 2692 temperantia
455 2631 629 2692 purpuram
652 2613 756 2676 sancti
778 2613 902 2676 ruboris
925 2612 1062 2694 abolere,
1087 2634 1155 2677 oer-

183 2694 288 2758 uicem
322 2693 525 2758 fortitudinis
561 2694 703 2779 indignis
747 2697 919 2761 confodere
955 2695 1156 2780 uulneribus,

145 2794 171 2834 30
185 2800 293 2843 eruere
316 2778 425 2842 oculos
447 2778 679 2862 prouidentiae!
708 2781 783 2844 dein
804 2781 868 2844 nisi
890 2781 945 2844 ille
967 2780 1157 2846 adulescens

184 2885 327 2927 seueram
349 2885 481 2928 manum
502 2865 640 2946 propriis
662 2865 803 2928 uultibus
826 2863 1002 2950 intulisset,¹
1031 2866 1098 2930 dies
1121 2869 1157 2930 et

183 2947 262 3014 hora
292 2969 328 3012 ac
356 2969 422 3012 non
449 2949 548 3032 longa
576 2949 691 3012 aetatis
721 2951 878 3013 successio
907 2971 1033 3014 omnem
1061 2951 1156 3014 illum

253 3172 265 3217 1
285 3170 340 3219 illis
357 3172 397 3234 Ι,
418 3185 486 3221 corr.
505 3184 530 3218 w
549 3168 553 3234 Ι
575 3172 640 3220 anni
657 3171 677 3218 B
696 3171 718 3217 V
736 3184 773 3219 wi
794 3172 873 3221 annis
891 3173 950 3221 Ac
974 3170 984 3238 ll
1012 3175 1028 3224 2
1047 3167 1154 3238 spatia]

182 3237 263 3298 pseu
276 3234 320 3302 (π
332 3237 481 3301 patiencia)
494 3239 517 3286 A
529 3235 539 3302 ΙΙ
557 3240 573 3288 5
592 3238 644 3288 hec
663 3253 722 3303 epo:
741 3237 792 3289 hee
805 3239 857 3287 ΑΒ
877 3239 910 3289 he
929 3247 988 3290 cett.
1005 3240 1009 3297 Ι
1025 3240 1118 3304 probis
1131 3241 1157 3288 A

185 3299 196 3366 Η
230 3304 260 3350 11
283 3303 383 3354 dedere
402 3306 429 3353 H
458 3303 468 3370 ΙΙ
498 3308 530 3355 24
552 3305 832 3366 aduers.‚huiusm.c
862 3304 872 3370 11
902 3309 935 3358 at
958 3311 987 3358 at
1005 3308 1155 3358 Liuineius:

183 3383 216 3418 ac
233 3370 260 3416 Ι
284 3367 294 3433 ΙΙ
318 3373 350 3420 ‘28
368 3373 473 3422 roboris
491 3371 533 3437 ΑΙ
554 3375 690 3423 ceruicem
709 3375 827 3436 Lipsius:
846 3375 934 3424 uicem
952 3375 979 3422 H
1003 3372 1012 3439 ΙΙ
1036 3377 1070 3424 30
1088 3374 1157 3424 dein

182 3437 209 3485 in
226 3435 249 3482 A
266 3452 301 3484 ex
320 3436 391 3484 deim
409 3455 494 3496 corr.,·
512 3441 546 3504 ef.
561 3441 662 3490 Laclm.
678 3441 755 3490 Lacr.
769 3457 796 3504 p.
811 3443 863 3490 148
881 3439 890 3506 ΙΙ
908 3445 940 3493 32
958 3441 1026 3492 hora
1038 3441 1157 3506 Eyssen-

182 3504 304 3554 hardlus:
326 3518 401 3552 mora
418 3504 445 3551 H
467 3505 522 3570 lac
540 3516 566 3557 et
585 3509 688 3560 aetatis
707 3508 844 3558 successio
864 3512 913 3560 del.
933 3509 1060 3573 Jaeperus
