2586 3996
276 192 507 290 senariorum
525 214 634 267 norro
654 213 818 268 rumano,
842 217 951 290 ila-ca.
1044 211 1106 278 261

201 361 288 429 XXI.
335 366 380 428 At
406 386 509 447 nunc,
538 364 681 448 quisquis
709 363 895 447 prouincias
923 363 1108 428 tribunatus

136 447 355 533 praefecturas
384 448 566 514 consulatus
596 449 700 532 cupit,
727 447 809 512 nihil
830 469 962 513 necesse
985 451 1034 512 est
1054 470 1108 532 pe·

138 533 267 598 cuniam
289 555 346 616 per
364 533 415 598 fas
438 537 470 599 et
491 534 582 599 nefas
598 536 732 618 quaerat
754 555 792 598 ac
813 533 995 598 libertatem
1017 555 1108 597 suam

137 617 295 684 salutator
317 619 392 683 uilis
413 619 583 684 imminuat.
623 621 744 702 quanto
766 617 865 686 fuerit
881 618 1024 704 paratior
1046 640 1108 682 ser-

137 703 244 784 uituti,
268 704 361 768 tanto
376 703 496 770 honore
518 703 685 789 indignior
699 703 902 768 iudicabitur.
930 706 1000 768 tum
1022 703 1134 767 alicus

137 787 298 874 quoddam
325 787 493 854 hominum
520 810 630 875 genus
650 791 699 853 est
727 789 762 853 in
790 788 931 854 amicitia
952 787 1108 872 principis

136 875 250 957 nostri,
273 872 351 938 rude
377 873 428 961 (ut
449 875 582 939 urbanis
604 873 675 939 istis
697 874 849 958 uidetur),
872 895 986 958 parum
1008 895 1107 952 come,

137 959 369 1042 subrusticum
394 959 624 1024 blandimentis
647 959 836 1024 adulantum
857 962 1032 1044 repugnat,
1055 979 1108 1041 pe-

138 1045 250 1110 cuniae
272 1066 349 1109 uero
378 1045 501 1110 alienae
523 1049 688 1129 tamquam
710 1045 757 1109 rei
780 1043 894 1109 noxiae
916 1045 1039 1108 tactum
1061 1064 1107 1107 re-

136 1129 306 1214 formidat,
339 1130 496 1194 maximas
524 1151 602 1214 opes
629 1129 664 1195 in
692 1130 739 1194 rei
767 1129 915 1214 publicae
943 1129 1045 1193 salute
1077 1131 1109 1192 et
1123 1146 1147 1186 ιο

137 1215 279 1313 gloriosa
306 1214 509 1298 imperatoris
539 1215 588 1279 sui
610 1215 704 1278 laude
733 1213 908 1278 constituit.
952 1213 1018 1276 iam
1040 1213 1108 1296 ipse

136 1299 264 1385 mgenti
286 1299 458 1384 diuinaque
480 1299 652 1383 prudentia
682 1298 835 1362 aduersus
863 1319 973 1361 omnes
1002 1317 1108 1361 assen-

136 1389 276 1449 tatorum
298 1384 467 1448 illecebras
490 1383 718 1467 captionesque
741 1381 884 1446 munitus
903 1384 961 1446 est.
990 1381 1109 1466 quippe

137 1467 166 1533 ei
188 1490 208 1534 a
228 1467 345 1534 fucatis
374 1469 560 1533 adulatuum
585 1467 718 1533 uenenis
747 1466 833 1552 quod
854 1466 1032 1551 periculum
1061 1469 1110 1530 est

137 1553 192 1638 qui
220 1574 312 1618 aures
341 1553 439 1618 etiam
467 1552 551 1617 ueris
571 1552 721 1617 laudibus
741 1554 894 1637 grauatus
920 1550 1147 1636 impartiatis

137 1639 193 1704 sed
215 1637 317 1703 multo
338 1637 501 1721 multoque
523 1659 610 1702 nunc
631 1635 757 1702 facilior
780 1640 829 1702 est
849 1636 933 1700 ratio
951 1636 1109 1701 honorum

136 1724 357 1808 petendorum,
395 1722 555 1807 quisquis,
578 1723 724 1807 inquam,
747 1743 861 1806 capere
884 1722 1109 1806 magistratum

137 1809 237 1888 uoles,
261 1808 330 1873 auri
345 1811 442 1892 atque
457 1807 586 1892 argenti
600 1808 777 1894 neglegens
793 1809 869 1890 esto,
892 1805 997 1871 nullas
1013 1806 1109 1870 ostia·

138 1893 198 1958 tim
220 1895 387 1977 potentum
411 1893 505 1958 aedes
528 1891 626 1976 obito,
649 1893 769 1957 nullius
783 1893 891 1977 pedes,
914 1890 1034 1956 nullius
1049 1913 1110 1975 ge-

137 1999 202 2042 nua
225 1977 457 2126 complectitor.
492 1976 642 2042 adhibeto
663 1981 792 2043 tantum
813 1977 874 2042 tibi
896 1977 1054 2061 gratuitas
1078 1980 1148 2040 etro

137 2067 251 2148 paratu
304 2063 459 2129 acillimas
500 2063 647 2142 comites,
691 2061 849 2128 iustitiam
885 2061 1110 2126 fortitudinem

137 2149 386 2233 temperantiam
409 2153 504 2234 atque
526 2148 748 2233 prudentiam:
786 2148 870 2212 ultro
894 2148 933 2210 ad
956 2150 989 2212 te
1010 2147 1110 2210 maxi-

137 2254 209 2297 mus
231 2233 404 2316 imperator
427 2235 556 2298 accedet
578 2237 612 2298 et
633 2237 669 2298 ut
692 2255 841 2317 capessas
863 2255 932 2298 rem
947 2231 1127 2316 publicam

137 2316 309 2402 flagitabit.
355 2318 458 2382 otioso
480 2318 540 2382 tibi
566 2325 662 2401 atque
685 2318 748 2382 alia
776 2319 902 2382 curanti
923 2317 1109 2401 prouinciae

137 2401 360 2484 praefecturae
375 2402 480 2466 fasces
497 2402 576 2466 sella
592 2401 711 2466 curulis
731 2405 827 2486 atque
843 2402 953 2465 omnia
968 2401 1111 2486 insignia
1123 2421 1148 2459 2⁵

137 2507 192 2550 ma
219 2487 386 2552 'stratrmm
409 2487 604 2552 deferentur.
647 2487 725 2571 'quid
748 2487 834 2551 enim
861 2485 922 2551 sibi
945 2507 1038 2550 uerae
1060 2485 1110 2549 uir

137 2507 361 2722 pergdctaeque
383 2572 514 2638 uirtutis
536 2594 603 2638 non
627 2575 813 2638 constanter
835 2571 874 2636 de
893 2571 1017 2636 honore
1038 2592 1110 2656 pro-

138 2678 182 2721 mr

174 2657 181 2668 '
214 2660 258 2740 at,
284 2679 356 2722 cum
378 2680 429 2722 me
451 2660 582 2742 propter
601 2657 769 2722 tantillum
787 2656 996 2722 ‘innocentiae
1018 2655 1110 2719 meri·

44 2781 47 2788 ·
137 2744 206 2804 tum
228 2764 293 2806 nno
315 2743 350 2806 in
373 2764 458 2806 anno
479 2746 529 2807 ter
551 2741 898 2808 uideatbonoratum?

203 2825 307 2889 XXH.
364 2826 484 2910 Ecquis
518 2826 596 2890 deus
631 2847 695 2888 uno
729 2827 764 2889 in
798 2845 883 2889 anno
917 2823 1110 2906 multiplices
1123 2843 1149 2882 aa

138 2910 263 2974 fructur
291 2931 369 2994 agro
398 2911 456 2976 uni
479 2910 590 2976 dedit?
620 2932 713 2974 snum
741 2910 910 2993 quisquam
938 2908 972 2972 in
1001 2908 1110 2972 eadem

205 3147 340 3218 diullio]
369 3150 516 3202 uocabitur
540 3153 557 3200 c
589 3147 594 3216 l
627 3155 698 3214 tum3
726 3167 760 3201 aa
783 3153 879 3201 nuuc?
913 3148 923 3216 ll
958 3151 972 3199 7
996 3150 1110 3200 urbanis

139 3218 253 3268 ch:
279 3219 403 3270 urbanus
420 3219 480 3268 AB
507 3218 511 3282 l
538 3228 635 3284 parum
658 3221 742 3269 enac
772 3217 782 3284 ΙΙ
811 3221 827 3270 9
848 3233 914 3269 nero
933 3235 979 3270 om.
998 3217 1072 3268 Bert.
1102 3216 1110 3282 ll

139 3288 170 3336 12
192 3285 368 3350 prouidentia
390 3288 449 3338 edd.
480 3284 490 3352 ΙΙ
522 3289 554 3338 14
577 3286 737 3339 adulatuum
759 3288 867 3351 scripsi.-
894 3285 1065 3337 adulantium
1082 3288 1110 3334 Η

137 3349 146 3418 ll
171 3355 201 3403 16
223 3369 296 3404 nune
315 3371 361 3405 om.
381 3353 456 3408 Bert.
481 3353 491 3420 ΙΙ
516 3357 548 3407 18
565 3355 707 3406 hostiatim
724 3357 752 3404 u
775 3352 786 3420 ll
815 3355 985 3406 acribiam.
1005 3354 1079 3405 Bert.
1102 3352 1110 3418 ll

136 3423 170 3472 '25
188 3421 272 3473 scclla
282 3425 315 3471 W
330 3421 334 3480 Ι
350 3423 471 3488 insignia
490 3424 580 3474 omnia
594 3424 728 3486 nem
746 3425 828 3474 malim
846 3425 964 3474 emnium
976 3422 987 3489 ΙΙ
999 3425 1032 3477 26
1050 3437 1108 3486 per-

137 3490 296 3540 ferenturd
326 3489 336 3556 ΙΙ
367 3493 399 3541 30
417 3493 509 3556 ecquis
528 3493 602 3542 edd:
620 3507 672 3542 nce
691 3492 751 3556 quis
770 3493 797 3539 Μ
815 3507 887 3542 nnnc
907 3491 982 3555 (num
1001 3493 1110 3541 acccers-

136 3555 233 3622 basiur)
253 3559 312 3622 quic
333 3560 464 3609 Liuineius
