2586 3996
289 195 508 250 anarrinon
526 171 819 250 remoramina
839 201 948 248 ae-ar.
1041 195 1103 260 263

132 347 284 412 manibus
328 347 529 430 excolamus,
578 347 659 412 haee
702 347 872 412 illaborata
915 349 1102 412 nascuntur.

133 435 252 517 quanto
280 431 406 497 felicior
446 435 556 497 nostra
586 431 748 497 'conditiol
794 435 914 516 quanto
942 432 1104 497 beatitudo

132 517 364 602 praestantior!
402 537 467 581 non
496 517 585 601 spica
606 517 748 599 triticea,
778 539 845 581 non
866 517 947 581 uilcs
969 538 1104 580 unarum

133 602 265 680 racemi,
303 599 359 665 sed
387 622 464 686 opes
490 609 585 686 atque
614 601 745 666 diuitiae
773 601 856 666 nihil
884 601 1103 667 laborantibus

133 687 342 771 ingeruntur3
383 686 568 770 prouinciae
600 685 821 770 praefecturae
853 687 957 751 fasces
990 689 1130 770 spontee

133 770 339 855 proueniunt.
376 774 424 853 tu,
447 774 494 855 tu,
516 771 660 856 inquam,
683 771 822 836 maxime
844 772 1028 854 imperator,
1053 793 1104 835 ex·

133 857 259 920 ulantes
281 855 504 940 relegatasque
526 858 662 922 uirtutes
691 856 731 922 ad
755 856 1007 939 rempublicam
1028 877 1104 941 quo·

132 940 207 1004 dam
222 940 423 1024 postliminio
445 940 612 1024 reduxisti,
635 945 672 1006 tu
686 941 829 1006 extincta
846 942 911 1005 iam
926 941 1105 1005 litterarum

135 1025 240 1090 studia
260 1025 444 1108 flammasti,
467 1031 504 1090 tu
525 1025 763 1111 philosophiam
779 1026 875 1110 paulo
898 1028 974 1091 ante
997 1047 1104 1109 suspe-

133 1115 220 1174 ctam
242 1131 280 1175 ac
299 1111 486 1176 nouaclum
508 1133 523 1176 s
547 1112 680 1176 oliatam
696 1109 884 1194 honoribus,
907 1111 962 1176 sed
977 1132 1143 1176 accusa-10

134 1199 202 1259 tam
218 1217 256 1259 ac
271 1217 360 1260 ream
378 1217 446 1261 non
462 1134 556 1261 modb
572 1196 689 1261 iudicio
702 1195 858 1274 liberasti,
882 1195 937 1260 sed
953 1197 1105 1260 amictam

134 1300 292 1364 purpura,
316 1300 395 1344 auro
417 1281 615 1365 gemmisque
637 1280 821 1344 redimitam
844 1280 880 1343 in
901 1280 1003 1364 regali
1026 1279 1105 1343 solio

135 1363 310 1428 collocasti.
355 1364 515 1447 suspicere
538 1364 601 1428 iam
627 1365 662 1428 in
687 1363 810 1428 caelum
832 1364 909 1428 licet
930 1368 964 1428 et
986 1364 1105 1429 securis

134 1447 347 1532 contemplari
381 1451 468 1512 astra
494 1447 684 1532 luminibus,
718 1448 773 1531 qui
800 1448 894 1532 paulo
929 1451 1004 1514 ante
1031 1469 1105 1533 pro-

134 1553 250 1597 norum
278 1535 372 1616 atque
394 1532 636 1618 quadrupedum
663 1532 876 1598 animantium
897 1533 963 1597 ritu
989 1534 1024 1598 in
1046 1533 1105 1598 hu·
1120 1555 1144 1594 15

134 1639 223 1682 mum
245 1618 334 1682 uisus
356 1617 499 1701 trepidos
521 1617 708 1703 figebamus.
753 1619 824 1702 quis
851 1619 936 1682 enim
959 1621 1105 1702 spectare

134 1701 267 1767 auderet
288 1705 395 1768 ortum
417 1702 544 1784 sideris,
573 1703 643 1786 quis
666 1703 838 1767 oceasum?
883 1725 924 1767 uc
946 1725 965 1766 a
990 1703 1107 1768 ricolae

135 1787 273 1871 quidem,
297 1808 430 1871 quorum
446 1808 543 1870 opera
563 1787 603 1851 ad
618 1790 723 1852 motus
738 1787 905 1872 signorum
920 1725 1107 1853 caelestium

134 1872 343 1955 temperanda
361 1875 448 1956 sunt,
469 1875 697 1956 tempestatum
711 1873 880 1958 praesagia
894 1872 1104 1937 rimabantur.

134 1957 199 2040 ipsi
226 1956 373 2039 nouisse,
402 1957 457 2041 qui
478 1960 652 2022 nocturnos
681 1979 791 2022 cursus
820 1957 861 2022 ad
884 1960 970 2022 astra
998 1957 1106 2022 mode·
1119 1979 1145 2018 eo

134 2044 261 2126 rantur,
298 2042 464 2106 stellarum
494 2043 688 2107 mominibus
716 2041 931 2107 abstinebant.
974 2063 1106 2127 prorsus

135 2129 220 2190 terra
241 2127 387 2211 marique
408 2149 477 2192 non
498 2128 623 2192 ratione
647 2127 793 2211 caelesti,
825 2128 880 2193 sed
904 2148 980 2192 casu
1001 2148 1039 2191 ac
1060 2131 1105 2191 tc·

135 2231 222 2275 mare
243 2211 422 2276 uiuabatur.

199 2293 319 2360 XXIV.
354 2294 446 2360 Nihil
467 2296 567 2380 igitur
588 2297 704 2361 mirum
728 2299 788 2378 est,
811 2297 997 2380 imperator,
1021 2296 1106 2380 quod

135 2383 246 2444 tantus
269 2400 359 2443 amor
382 2382 504 2444 ettam
525 2401 620 2445 uerus
642 2381 677 2444 in
698 2385 731 2444 tc
754 2381 873 2445 ciuium
895 2381 1010 2445 feruet.
1052 2402 1106 2445 ne·
1120 2401 1145 2442 aa

136 2484 197 2547 que
221 2463 308 2528 enim
329 2464 430 2530 ullum
455 2467 528 2548 post
548 2464 695 2530 homines
722 2468 814 2529 natos
836 2469 915 2549 puto
936 2468 1030 2530 tanto
1053 2487 1106 2551 ga-

134 2548 221 2612 ueris
243 2549 376 2613 humani
398 2548 511 2614 ardore
532 2549 693 2618 dilectum.
724 2552 903 2616 ceterorum
924 2573 1037 2636 regum
1059 2553 1107 2615 at

127 2655 196 2716 vque
211 2633 440 2718 imperatorum
461 2635 610 2700 caritates
626 2635 796 2700 admodum
814 2656 905 2699 rarae
919 2636 1107 2718 neutiquam

136 2718 304 2782 diuturnae
325 2718 465 2784 fuerunt.
505 2720 541 2783 in
562 2720 694 2783 summis
717 2721 803 2783 enim
825 2719 993 2784 hominum
1013 2718 1106 2783 habi·

135 2805 245 2866 tauarc
273 2803 455 2885 pectoribus
485 2803 590 2867 subita
618 2806 652 2867 at
675 2805 758 2867 forte
786 2805 864 2868 nata
886 2802 1146 2868 beniuolentiam

204 2994 220 3042 3
238 2991 313 3057 spira
330 2988 375 3056 All
392 2993 409 3041 4
426 2989 497 3041 nihil
513 2991 601 3042 labor.
619 2993 676 3058 ing.
695 2991 853 3056 prouinciae
870 3008 916 3044 orn.
931 2995 964 3041 W
1008 2994 1022 3043 'l
1042 3007 1108 3058 quo·

136 3059 200 3109 dam
217 3075 263 3110 om.
275 3061 299 3109 A
315 3057 325 3126 ΙΙ
345 3062 376 3110 10
394 3074 448 3110 non
466 3058 554 3110 solum
571 3061 594 3108 A
613 3060 703 3114 Bora:
721 3059 819 3110 nedum
834 3061 854 3108 B
868 3062 885 3108 c
897 3061 920 3107 V
931 3061 964 3108 W
986 3059 991 3126 Ι
1010 3062 1040 3110 11
1060 3057 1105 3126 ac]

136 3132 166 3178 et
183 3127 206 3175 V
222 3128 255 3175 W
284 3125 294 3194 Ι]
325 3130 357 3178 14
374 3142 521 3193 pronorum
538 3129 559 3177 B
576 3129 599 3176 V
616 3128 649 3175 W
666 3127 756 3180 Hert.-
777 3143 955 3193 pronorumq3
974 3129 996 3176 A
1014 3143 1108 3194 pomo·

135 3209 195 3244 rum
216 3197 235 3243 (1
269 3193 280 3262 ΙΙ
314 3198 346 3246 lb
369 3195 495 3260 quadrip.
519 3197 541 3244 A
570 3194 580 3261 ΙΙ
616 3197 647 3247 18
671 3210 785 3260 quorum
826 3195 916 3246 uidem
938 3197 955 3245 (1
981 3195 986 3259 Ι
1017 3201 1108 3248 motus

135 3263 244 3326 scripsi:
262 3267 365 3314 motum
383 3265 411 3311 11
433 3261 444 3329 ΙΙ
468 3265 501 3314 20
518 3270 622 3314 nautae
640 3265 661 3313 B
680 3264 697 3311 (1
716 3264 738 3312 V
754 3265 788 3311 W
807 3212 824 3329 l
845 3266 878 3313 21
897 3264 1053 3315 nominibus
1071 3266 1107 3327 ir,

133 3331 245 3381 comesi
273 3329 283 3396 ΙΙ
312 3333 346 3382 26
368 3335 434 3396 puto
455 3338 515 3396 port
532 3331 618 3382 ullum
635 3332 655 3380 B
674 3335 692 3380 c
710 3332 734 3379 V
750 3332 789 3390 W,
811 3338 871 3396 poet
892 3335 973 3384 natos
990 3333 1014 3381 A
1032 3333 1108 3387 Bert.

132 3405 233 3464 ponunt
261 3395 272 3464 ll
301 3399 334 3450 28
351 3401 512 3465 neutiquam
529 3401 642 3465 accipet:
661 3415 695 3449 ne
714 3414 834 3465 unquam
853 3398 936 3464 (amq.
953 3399 987 3466 A)
1006 3401 1034 3448 11
1057 3415 1109 3450 neo

136 3481 257 3586 quequarp
275 3469 335 3550 edd.
356 3463 366 3531 ΙΙ
390 3469 423 3518 30
441 3468 514 3518 forte
532 3473 599 3520 nata
619 3469 767 3519 Acidaliae:
786 3468 928 3518 fortunata
946 3469 974 3516 1
992 3467 1109 3518 fortuita

162 3551 168 3584 ι
192 3551 234 3585 ers
252 3551 321 3587 aazias
