2582 3992
201 163 276 256 '128
502 193 549 244 ru.
578 191 890 244 nonannoeane

215 363 276 425 que
298 341 408 406 oeulos
431 340 620 423 circumtuli,
642 341 682 404 ad
703 340 940 405 restitutionem
962 361 1097 424 operum
1120 343 1184 406 sin-

215 426 363 510 gulorum
378 427 425 490 ila
439 425 557 510 gaudio
573 425 658 489 ferar
671 428 708 489 ul
722 425 869 508 spirinum
884 424 1060 490 identidem
1075 447 1185 490 meum

215 531 273 594 pro
295 510 423 575 illorum
446 509 547 574 salute
570 508 761 593 deuoueam,
789 530 923 593 quorum
944 509 1033 574 iussu
1054 511 1186 594 opibus·

215 616 276 678 que
297 597 497 678 reparantur.
542 594 598 658 sed
619 597 729 659 lamen
757 593 820 658 hoc
847 593 931 677 quod
957 593 1038 658 mihi
1066 615 1185 659 ornen-

190 679 274 743 cdae
296 679 505 763 professionis
531 699 623 743 meae
652 699 748 742 causa
769 678 926 744 tribulum
954 681 1004 742 est
1034 678 1111 744 huic
1133 701 1184 744 me
1205 740 1207 744 ,

214 763 386 847 praecipue
408 763 514 829 sentio
535 762 650 827 debere
671 763 881 828 monimento.

279 847 384 912 XVII.
432 847 564 912 Etenim
585 848 612 912 si
635 847 718 912 bello
740 850 835 932 parta
856 847 955 912 Marii
976 846 1136 932 dicantur,
1158 848 1185 914 si

216 931 298 996 muri
336 932 459 998 uaesila
475 931 638 1016 Neptuno,
661 933 688 996 si
704 953 823 997 messes
839 931 958 1016 Cereri,
982 933 1009 996 si
1024 931 1185 998 Mercurio

216 1016 306 1080 lucra
342 1016 483 1100 'bennun
513 1017 540 1080 si
562 1017 650 1080 ilem·
666 1038 774 1081 rerum
796 1017 940 1082 omnium
961 1019 1125 1084 commoda
1146 1018 1186 1083 ad

176 1121 204 1160 io
217 1099 338 1165 cultum
370 1101 554 1165 referuntur
586 1104 770 1167 suenorum:
809 1101 865 1165 ubi
892 1102 943 1166 fas
972 1104 1021 1166 est
1048 1101 1186 1168 docendi

216 1185 357 1268 praemia
380 1206 566 1251 consecrare
588 1185 648 1250 nisi
672 1186 707 1250 in
729 1185 804 1251 sede
825 1184 974 1250 dicendi?
995 1187 1185 1269 praeserlim

217 1288 289 1333 cum
316 1268 397 1333 ruihi
423 1270 509 1334 ultra
537 1269 739 1334 communem
766 1291 838 1335 oum
866 1270 981 1336 celeris
1006 1271 1185 1336 studiorum

216 1354 405 1438 religionem
427 1355 525 1418 etiam
539 1355 831 1438 proprius-quidam
853 1355 896 1420 sil
918 1376 995 1440 erge
1009 1355 1186 1422 Maeniana

216 1437 272 1501 illa
287 1460 326 1502 ex
340 1440 497 1504 maiorum
511 1460 655 1504 meorum
669 1439 889 1506 recordatione
905 1439 1050 1504 dilectus.
1074 1463 1185 1524 quam-

105 1593 108 1600 ,
179 1540 204 1581 1⁵
218 1522 266 1587 uis
294 1524 380 1587 enim
397 1525 483 1588 'aule
504 1523 685 1608 ingressum
706 1524 862 1608 pueritiae
887 1546 977 1590 meae
999 1525 1186 1590 intermissa

216 1606 314 1670 fuerit
336 1629 446 1671 eorum
472 1608 656 1673 exercendis
680 1608 793 1674 studiis
815 1608 1029 1692 frequentatio
1036 1657 1045 1691 ‚
1075 1613 1185 1676 lamen

216 1690 283 1755 illic
305 1713 399 1756 auum
422 1693 583 1776 quondam
604 1713 711 1758 meum
726 1693 871 1758 docuisse
894 1693 997 1777 audio,
1020 1693 1185 1760 hominem

216 1774 353 1840 Athenis
381 1780 503 1860 ortum,
531 1777 652 1842 Romae
674 1776 729 1841 diu
754 1778 925 1862 celebrem,
955 1799 1031 1842 mox
1058 1778 1095 1842 in
1124 1779 1185 1844 isla

217 1860 295 1924 urbe
318 1861 518 1949 [perspecto]
542 1862 678 1946 probalo
700 1861 866 1928 hominum
890 1882 996 1927 umore
1019 1863 1185 1928 doctrinae

179 1963 204 2004 eo
218 1947 313 2028 alque
349 1945 443 2010 huius
480 1946 580 2029 ipsius
620 1947 724 2030 operis
761 1947 970 2012 ueneredioue
1006 1947 1184 2012 delendum.

218 2031 306 2092 ouius
330 2050 390 2112 ego
413 2031 534 2110 locum,
562 2032 696 2115 inquo,
723 2035 761 2094 ul
782 2032 940 2116 referunt,
970 2032 1073 2096 maior
1099 2035 1185 2097 ocdo-

218 2113 351 2196 generio
368 2113 486 2192 docuit,
510 2113 538 2176 si
552 2115 594 2177 ab
608 2113 671 2178 islo
688 2115 864 2180 uenerabili
879 2137 955 2180 sene
977 2116 1034 2202 (te,
1052 2115 1183 2200 Glauce,

218 2195 355 2279 appello,
378 2200 581 2280 praesentem
597 2220 692 2283 quem
711 2199 866 2284 uidemus,
889 2222 957 2265 non
980 2201 1113 2265 oiuiiete
1127 2203 1186 2265 At-

216 2281 328 2363 ticum,
352 2281 406 2346 sed
422 2281 562 2368 eloquio)
585 2283 682 2349 recoli
699 2285 867 2368 ornarique
882 2285 1055 2369 perfecero,
1078 2286 1187 2369 ipsum

178 2382 204 2423 ss
217 2363 297 2429 mihi
318 2363 452 2430 uidebor
474 2366 514 2430 ad
535 2368 636 2432 uilem
656 2369 716 2432 lali
738 2369 942 2452 professionis
964 2391 1039 2434 suae
1061 2391 1187 2435 sucees-

218 2449 307 2513 sione
334 2471 508 2517 reuooasse.
554 2452 638 2535 quod
659 2452 785 2534 quidem
814 2474 875 2538 ego
902 2475 1007 2518 meum
1031 2475 1108 2539 erga
1131 2453 1187 2519 ho-

216 2554 328 2597 norem
356 2534 467 2600 domus
496 2557 533 2601 ao
560 2537 701 2602 familiae
728 2559 818 2602 meae
847 2538 986 2602 studium
1013 2559 1083 2603 non
1110 2561 1188 2605 con·

285 2776 301 2824 6
314 2775 480 2826 monimento
488 2773 571 2825 AGW
582 2772 593 2840 ΙΙ
605 2776 621 2825 8
633 2776 769 2828 Mercurio
782 2782 957 2828 mercaturos
969 2776 1188 2842 lucreHanptiur

217 2841 307 2892 Herm.
322 2843 335 2891 1
341 2842 368 2891 V
376 2859 402 2907 p.
421 2844 470 2891 151
487 2839 498 2908 ΙΙ
515 2845 531 2894 9
549 2838 652 2910 rerum]
672 2842 781 2894 deorum
799 2845 1009 2908 Eyssenhardtus
1023 2843 1029 2910 Ι
1044 2845 1187 2897 commoda

217 2910 308 2959 addidi
317 2913 333 2961 l.
343 2913 375 2960 L:
388 2912 478 2972 cml,
492 2909 596 2961 fructus
602 2912 734 2962 Liuineius
749 2911 886 2976 primitiae
892 2912 1075 2963 Rittereltusiua
1088 2910 1099 2978 ΙΙ
1112 2915 1144 2962 11
1157 2915 1189 2962 in

217 2973 294 3041 sede]
315 2977 368 3042 ipsi
386 2978 461 3028 scole
479 2991 505 3026 w
521 2976 531 3043 ΙΙ
550 2982 581 3030 13
601 2977 708 3043 quidam
721 2978 754 3027 W
764 2977 856 3039 Bere:
874 2978 981 3044 quidem
992 2981 1044 3030 AB
1057 2981 1075 3026 0
1088 2980 1111 3027 V
1127 2977 1137 3045 ΙΙ
1156 2983 1188 3031 15

217 3043 375 3094 intermisse
392 3058 429 3094 w:
450 3047 579 3096 termissa
596 3047 623 3092 Μ
653 3043 663 3110 ΙΙ
694 3047 726 3096 16
745 3045 901 3097 exercendis
920 3046 1019 3098 studiis
1037 3047 1189 3098 Liuineius:

217 3111 364 3162 exercendi
380 3112 464 3162 studii
481 3113 508 3161 H
526 3113 670 3163 exercendi
688 3113 777 3165 studio
795 3114 1004 3180 Eyssenhardtus
1033 3110 1043 3178 ΙΙ
1075 3117 1107 3165 19
1126 3131 1188 3180 per-

217 3181 311 3240 specto
330 3178 485 3243 (prospecto
503 3181 534 3242 B)
554 3179 669 3245 probato
687 3182 726 3244 Μ,
747 3186 890 3246 perspecto
908 3185 1014 3238 scelern-
1036 3187 1187 3248 perspecto

218 3250 246 3292 et
267 3245 383 3308 probato
406 3247 465 3298 edd.
489 3251 662 3313 perspectum
683 3248 878 3315 probatumque
900 3263 925 3298 w
953 3250 958 3310 Ι
989 3249 1131 3300 hominum
1153 3276 1188 3286 -

216 3313 250 3361 20
269 3311 413 3362 detentum
430 3329 476 3368 om.
488 3316 521 3364 W
537 3312 547 3381 ΙΙ
564 3317 596 3364 21
615 3319 646 3365 ut
658 3316 681 3365 Δ
693 3315 825 3368 wear:
843 3333 889 3371 om.
901 3319 922 3367 B
935 3320 952 3366 c
966 3318 987 3365 V
1003 3314 1013 3382 ΙΙ
1030 3319 1063 3367 22
1084 3317 1189 3368 Glauce

217 3379 292 3428 edd:
311 3377 403 3429 clauco
421 3381 444 3428 A
460 3382 481 3429 B
500 3382 521 3429 V
540 3381 630 3432 cleuta
647 3383 681 3431 W
697 3383 793 3434 clause
812 3387 829 3433 0
850 3383 861 3449 ΙΙ
882 3386 915 3436 23
934 3386 1054 3434 arcticum
1071 3385 1094 3434 Δ
1114 3385 1188 3436 athi-

218 3446 319 3569 011ch
337 3441 457 3498 accitum
475 3462 500 3497 w
521 3447 531 3513 ΙΙ
555 3451 588 3500 25
606 3449 658 3499 tali
676 3465 722 3501 om.
742 3451 815 3502 Bert.
838 3449 848 3517 ΙΙ
869 3453 901 3503 26
921 3467 971 3518 ego
991 3469 1037 3503 om.
1055 3453 1075 3501 B
1095 3467 1188 3504 meum

218 3529 269 3578 ego
