2582 3992
355 214 767 271 GENETHL.MAX1M1AN1.
786 219 893 268 1c-1o.
1049 217 1109 282 115

161 364 233 428 uasi
253 383 363 511 reqem
384 361 438 427 uel
457 383 515 447 pro
535 363 657 447 pietate
680 363 771 449 quasi
787 361 930 430 fratrem.
961 364 1108 452 Burgun-

158 448 251 512 2‘ones
266 449 297 512 A
311 468 523 512 amannorum
542 469 638 532 agros
659 470 865 533 occupauere,
889 449 946 512 sed-
958 472 1017 514 sua
1031 473 1108 534 quo-

138 554 200 617 que
223 531 312 596 clade
335 531 506 616 quaesitos.
551 533 728 598 Alamanni
749 536 852 598 terras
875 535 1022 614 amisere,
1052 537 1108 599 sed

137 619 299 700 repetunt.
329 637 347 680 o
369 637 523 700 magnam
544 618 611 682 uim
632 617 774 683 numinis
794 617 908 683 uestri-l
937 641 1002 682 non
1027 619 1108 684 istac

137 700 234 765 modo
273 699 415 784 aliaeque
447 703 561 786 gentes
598 702 719 766 uiribus
757 703 915 787 armisque
947 702 1133 768 terribiless

137 785 255 850 fiducia
276 786 454 850 instructae
478 786 517 849 ad
535 787 710 870 perniciem
731 788 943 851 immanitatis
963 791 1106 872 utuntur,

137 871 192 934 sed
215 870 314 934 etiam
335 868 484 954 Blemyes
507 871 569 954 illi,
598 875 635 935 ut
657 871 750 936 audio
757 920 766 954 ‚
794 871 919 936 leuibus
941 873 1035 936 modo
1058 895 1107 937 as-
1153 910 1156 915 -

137 954 221 1019 sueti
253 955 381 1040 sagittis
416 956 566 1020 aduersus
601 956 778 1040 Aethiopas
815 960 973 1041 quaerunt
1007 978 1106 1041 arma,
1136 983 1138 991 ’

137 1061 219 1123 quae
240 1059 308 1105 non
327 1037 459 1122 habent,
481 1043 514 1104 et
527 1061 630 1125 paene
652 1042 746 1106 nudis
769 1040 850 1106 odiis
865 1041 986 1124 proelia
1007 1043 1106 1107 inter·

135 1124 252 1189 cecina
278 1123 493 1188 committunt.
1119 1146 1144 1188 ιο

199 1205 320 1273 XVIII.
349 1207 418 1272 lam
440 1208 479 1272 de
494 1208 710 1291 perduellibus
732 1209 889 1273 ultionem
908 1231 978 1274 non·
997 1210 1105 1294 armis,

125 1313 202 1358 -non
230 1293 373 1357 exercitu
401 1293 537 1376 capitis,v
558 1294 641 1358 sicut
668 1292 832 1376 hucusque
854 1293 992 1358 lecistis:
1028 1295 1103 1376 iam,

134 1378 276 1461 inquam,
299 1377 543 1442 fortunatissimi
558 1378 778 1462 imperatores,
800 1377 955 1441 felicitate
973 1377 1104 1443 uincitis

135 1460 212 1527 sola.
242 1462 354 1546 ecquid
376 1484 527 1545 umquam
543 1461 681 1526 Romani
703 1461 864 1546 principes
887 1462 926 1525 de
946 1461 1104 1527 felicItate

135 1567 193 1610 sua
215 1546 392 1629 praedicari
411 1545 526 1610 laetius
548 1547 718 1612 audierunt
736 1568 833 1630 quam
855 1546 1141 1612 cumdiscretam

133 1629 243 1694 hostes
272 1631 449 1715 quiescere,
486 1632 605 1695 otiosos
633 1652 717 1714 esse,
755 1651 869 1715 pacem
897 1630 1025 1694 colere?
1070 1635 1130 1695 at¹

133 1714 222 1780 enim
249 1719 371 1799 quanto
392 1715 452 1780 hoc
480 1718 529 1780 est
550 1715 732 1780 laetabilius
761 1737 797 1779 ac
819 1713 931 1778 melius
957 1715 1042 1797 quod
1064 1715 1103 1780 de

133 1801 347 1884 prosperitate
375 1799 494 1864 saeculi
527 1801 626 1864 uestri
655 1800 802 1864 certatim
833 1799 975 1863 omnium
1002 1797 1103 1863 honri-

133 1905 212 1948 num
227 1883 411 1949 circumfert
425 1905 544 1950 sermo:
562 1889 789 1950 concurrerunt
802 1884 931 1947 barbari
947 1883 988 1947 ad
1004 1905 1101 1968 arma,

133 1969 188 2034 sed
211 1967 352 2034 inuicem
374 1968 572 2034 dimicaturi!
610 1970 758 2050 uicerunt
779 1969 923 2046 barbari,
952 1967 1007 2032 sed
1029 1989 1101 2032 con·
1115 1985 1141 2025 20

132 2054 328 2138 sanguineos
352 2055 441 2118 suos!
481 2057 547 2118 tam
569 2055 753 2119 innumeros
774 2052 883 2136 uobis,
911 2055 981 2116 tam
1001 2074 1101 2118 nouos

132 2139 175 2202 ex'
192 2139 281 2208 omni
303 2137 446 2203 hostiurn
473 2160 590 2224 genere
613 2160 775 2204 successus
797 2138 929 2202 fortuna
955 2137 1101 2221 suppedi-

132 2225 183 2286 tat
203 2225 241 2286 ut
262 2222 327 2286 iam
349 2222 428 2286 mihi
456 2244 587 2288 necesse
609 2225 651 2288 sit
673 2223 729 2288 illa
751 2244 833 2308 quae
856 2222 951 2286 initio
974 2243 1100 2306 separa-

131 2327 240 2372 ueram
268 2329 377 2372 rursus
400 2307 453 2371 hic
481 2307 641 2371 communi
662 2308 757 2372 laude
784 2306 994 2390 coniungere,
1025 2305 1101 2370 dum

130 2393 294 2457 tantorum
317 2395 504 2463 ,euentuum
541 2412 657 2475 quaero
692 2391 870 2455 rationem:
913 2388 1100 2454 felicitatem
1113 2405 1139 2446 25

129 2475 244 2558 istam,
269 2477 382 2561 optimi
404 2475 629 2560 imperatores,
651 2476 770 2561 pietate
792 2473 970 2539 meruistis!

194 2559 283 2625 XIX.
312 2559 440 2644 Optime
462 2561 576 2646 igitur,
599 2563 753 2644 quantum
778 2560 931 2642 arbitror,
954 2557 1100 2623 sacratis-

130 2645 209 2710 sime
225 2646 408 2729 imperator,
428 2643 509 2710 haec
522 2645 691 2730 potissima
707 2645 789 2730 elegi
804 2665 885 2729 quae
900 2645 1029 2730 gemino
1045 2661 1099 2708 na-

197 2837 213 2886 3
227 2833 369 2896 quaesitas
378 2835 414 2896 Ι,
427 2849 498 2886 corr.
509 2835 594 2883 Liuio.
609 2831 613 2897 1
630 2831 787 2882 alamannie
799 2833 820 2880 B
830 2833 879 2880 cv
891 2829 901 2896 l
914 2831 929 2882 5
942 2801 1048 2880 uiribus
1061 2837 1100 2879 or:

128 2900 288 2966 uiribusque
301 2903 329 2950 Π
341 2898 351 2966 ΙΙ
364 2902 379 2950 6
392 2917 425 2950 an
444 2902 648 2950 instructurae?
664 2900 668 2959 Ι
683 2904 828 2949 uertuntur
840 2900 972 2950 Liuineius
982 2894 994 2963 ΙΙ
1007 2899 1023 2948 'I
1035 2897 1098 2947 Ble-

127 2983 205 3032 myes
216 2967 241 3017 A
253 2968 343 3020 Beris
360 2967 471 3019 blemies
483 2969 516 3015 W
533 2966 657 3031 belmyes
668 2969 688 3016 B
699 2969 716 3016 0
727 2968 749 3015 V
763 2965 768 3030 Ι
783 2963 874 3034 modo]
888 2981 942 3014 non
955 2979 971 3029 ς
983 2965 1100 3016 Schwar-

126 3033 545 3154 tltl'uttfflttttltt
558 3032 1017 3153 ltilifluitantis&
1031 3029 1044 3165 l
1066 3035 1099 3150 li

128 3170 229 3234 ecquid
247 3139 313 3236 epod
333 3176 363 3222 et
381 3170 446 3234 quid
463 3120 484 3220 X
502 3140 575 3220 V⁸W'
597 3175 626 3220 et
643 3140 750 3235 quode
772 3167 782 3234 ΙΙ
807 3171 839 3220 16
857 3138 966 3234 quietos
985 3171 1023 3220 ot.
1042 3169 1060 3216 0
1084 3163 1096 3232 ll

126 3240 160 3288 19
179 3253 269 3289 sermo
289 3238 437 3290 concurrer'
449 3240 554 3289 addidi:
572 3237 814 3290 ammonitrum
832 3252 880 3286 ore
893 3233 1097 3285 circumfertur:

125 3304 206 3358 barb.
217 3306 252 3356 ad
262 3319 339 3356 arma
347 3311 513 3357 concurrunt
523 3309 581 3359 cdd.
591 3304 733 3371 lbarbaria
742 3304 889 3355 darmaAV
897 3302 1027 3353 barbaria
1037 3302 1098 3351 dar·

125 3406 207 3457 niaB
226 3406 358 3458 barbaria
377 3385 490 3457 ditias
507 3407 637 3458 barbaris
656 3407 754 3456 damna
772 3418 797 3453 w
809 3401 820 3470 ΙΙ
832 3407 865 3455 25
884 3401 997 3470 quaero]
1016 3401 1097 3454 credo

123 3471 243 3591 geetvll
272 3476 305 3526 27
324 3491 381 3526 sac.
399 3477 427 3523 ni
450 3477 454 3542 Ι
479 3479 611 3539 quantum
630 3471 748 3525 arbitror
766 3481 826 3538 post
843 3487 899 3528 sac.
917 3472 981 3536 imp.
999 3475 1098 3534 ponunt

906 3625 943 3674 8*
