2582 3992
453 163 615 216 TRAIANO
634 165 668 214 D.
692 166 801 216 70-71.
1070 164 1111 228 67

127 335 203 378 -neo
231 313 354 376 urbana
381 312 599 384 coniuratione
628 313 806 376 eblanditus
828 335 954 397 preces,
984 315 1039 379 sed
1057 315 1114 380 de·
1156 377 1157 380 ,

147 402 234 463 creta
260 397 471 480 coloniarum,
506 398 633 462 decreta
661 397 829 461 ciuitatum
859 398 986 483 alleget.
1032 399 1113 467 bene

146 482 307 566 suffragiis
336 481 553 546 consularium
580 483 722 547 uirorum
749 482 844 545 urbes
867 483 977 566 populi
999 487 1113 568 gentes

144 568 338 631 inseruntur.
384 565 640 630 efficacissimum
667 586 726 649 pro
750 565 918 630 candidato
940 589 1042 650 genus
1065 572 1114 632 est

143 650 279 736 rogandi
301 651 423 734 gratias
447 671 552 735 agere.
803 709 807 718 ,
1137 671 1150 712 5

212 733 329 800 LXXI.
378 734 449 798 Iam
475 757 537 818 quo
565 755 697 798 assensu
725 737 871 814 senatus,
905 756 968 818 quo
994 736 1112 820 gaudio

145 823 312 904 exceptum
334 822 399 902 est,
424 832 496 882 cum
520 819 697 883 candidatis
704 870 713 904 ,
735 823 771 882 ut
792 840 948 903 quemque
969 821 1113 884 nomina·

144 926 246 988 ueras,
270 905 380 980 osculo
404 924 596 984 occurreres,
619 903 757 968 deuexus
780 903 908 987 quidem
929 905 964 968 in
981 905 1114 988 planum

145 993 176 1052 et
198 989 291 1072 quasi
313 1009 396 1052 unus
419 993 457 1052 ex
480 987 734 1072 gratulant-ibus!
772 991 804 1052 te
827 989 924 1052 mirer
946 991 1048 1074 magis
1071 1011 1113 1053 an

143 1073 322 1157 improbem
344 1072 416 1136 illos
445 1075 498 1156 qui
522 1073 695 1136 effecerunt
721 1075 758 1136 111
780 1073 866 1137 istud
888 1094 1043 1158 magnum
1064 1075 1153 1138 iri-10

144 1159 281 1240 deretur,
305 1179 378 1221 cum
399 1157 487 1221 uelut
504 1157 600 1220 adfixi
622 1157 785 1221 curulibus
808 1157 874 1220 suis
896 1180 1027 1222 manum
1042 1162 1112 1222 tan·

143 1246 213 1306 tum
242 1244 275 1305 et
302 1241 386 1305 hanc
414 1245 602 1306 cunctanter
635 1244 667 1305 et
693 1242 784 1326 pigre
820 1245 852 1305 et
879 1243 1113 1326 imputantibus

144 1326 264 1390 similes
286 1326 496 1408 promerent?
541 1326 679 1410 contigit
700 1347 734 1389 er
758 1346 777 1389 o
800 1326 899 1391 oculis
921 1327 1040 1391 nostris
1062 1329 1112 1392 ia-

143 1415 216 1475 uc'sa
238 1417 314 1474 ante
336 1409 445 1492 facies,
470 1410 619 1494 princeps
643 1347 820 1476 candidatis
843 1415 995 1494 aequatus
1018 1415 1051 1476 et
1072 1414 1112 1476 si-

143 1495 227 1559 milis
249 1495 416 1580 sectantis3
439 1497 528 1560 licuit
540 1495 658 1558 intueri
674 1517 783 1578 parem
806 1496 1037 1580 accipientibus
1057 1497 1112 1581 qui
1126 1515 1150 1556 15

143 1579 298 1644 honorem
320 1579 425 1644 dabat.
458 1580 541 1663 quod
563 1580 685 1644 factum
706 1583 797 1643 tuum
819 1602 838 1643 a
860 1584 975 1644 cuncto
997 1585 1112 1646 senatu

99 1695 104 1702 ·
144 1685 237 1748 quarn
251 1685 334 1730 uera.
344 1662 576 1728 acclamatione
592 1663 786 1728 celebratum
802 1667 865 1728 est:
882 1667 985 1728 ‘tanto
1000 1669 1110 1750 maior,

143 1752 234 1813 tanto
256 1749 450 1832 augustior'!
477 1769 553 1811 nam
576 1748 627 1812 cui
650 1747 731 1810 nihil
754 1747 793 1810 ad
817 1747 999 1832 augendum
1020 1749 1111 1814 fasti·

142 1834 231 1916 gium
254 1837 415 1916 superest,
438 1833 492 1898 hic
513 1854 577 1897 uno
599 1832 695 1896 modo
719 1853 859 1896 crescere
880 1835 1002 1917 potest,
1028 1835 1055 1898 si
1077 1856 1111 1898 se

142 1918 209 2001 ipse
243 1917 411 1982 submittat
445 1938 574 1982 securus
608 1917 839 2002 magnitudinis
874 1939 958 1982 suae.
1007 1940 1110 2002 neque
1124 1941 1149 1981 1ο

143 2002 228 2066 enim
251 2002 292 2065 ab
312 2002 378 2066 ullo
394 2002 536 2084 periculo
556 2001 687 2065 fortuna
703 2001 885 2086 principum
906 2002 1035 2087 longius
1058 2003 1111 2067 ab·

142 2090 190 2150 est
212 2107 308 2170 quarn
329 2085 531 2151 humilitatis.
570 2086 650 2150 mihi
672 2085 800 2169 quidem
821 2107 888 2151 non
909 2089 977 2151 tarn
998 2087 1110 2152 huma·

141 2172 225 2234 nitas
252 2175 310 2234 1111
332 2170 429 2254 quam
450 2171 587 2236 intentio
617 2171 683 2234 eius
707 2170 904 2235 admirabilis
929 2173 1108 2238 uidebatur.

142 2256 260 2338 quippe
289 2277 361 2319 cnm
384 2255 522 2320 orationi
544 2255 652 2319 oculos
680 2277 789 2320 uocem
817 2279 948 2322 manum
972 2279 1110 2322 commo-

141 2341 242 2422 dares,
265 2343 302 2402 ut
323 2340 351 2402 si
374 2338 429 2403 alii
451 2339 562 2404 eadem
584 2339 646 2403 ista
667 2341 861 2425 mandasses,
885 2361 996 2404 omnes
1015 2343 1109 2407 comi·
1123 2358 1148 2399 2⁵

140 2423 217 2488 tatis
232 2445 381 2488 numeros
396 2423 517 2489 obibas.
543 2425 638 2507 atque
653 2424 761 2507 etiam,
779 2446 850 2489 cum
865 2425 1111 2510 suffragatorum

141 2509 275 2572 nomina
297 2507 416 2572 honore
444 2531 506 2592 quo
533 2508 637 2572 solent
659 2509 895 2594 exciperentur,
927 2513 963 2574 tu
985 2532 1110 2595 quoque

140 2594 226 2656 inter
248 2593 445 2677 excipientes
468 2615 548 2676 1111,
573 2597 666 2658 etex
689 2615 743 2658 ore
765 2595 920 2679 principis
943 2594 997 2658 ille
1020 2616 1110 2661 sena-

140 2678 239 2742 torius
262 2699 410 2741 assensus
434 2677 631 2761 audiebatur,
660 2679 806 2762 quodque
828 2679 911 2763 apud
931 2680 1108 2764 principem
1136 2707 1140 2713 ¹

140 2761 307 2846 perhibere
330 2763 549 2827 testimonium
571 2763 768 2826 merentibus
789 2764 1016 2848 gaudebamus,
1039 2783 1107 2848 per·
1120 2782 1147 2821 30

207 2954 222 3000 2
242 2951 312 3002 bene
330 2953 449 3015 Lipsius:
467 2967 501 3000 ne
520 2953 547 2999 11
567 2947 579 3016 [Ι
599 2953 615 3001 3
633 2949 822 3000 consiliarium
841 2952 874 2998 W
893 2949 1108 3002 clarissimorum

139 3019 244 3083 Lipsius
256 3017 295 3084 ΙΙ8
313 3020 468 3070 occurreris
482 3019 515 3067 W
550 3024 577 3069 et
596 3018 718 3068 deuexas
737 3019 843 3082 Lipsius
855 3016 865 3083 ΙΙ
879 3020 909 3067 11
930 3033 1057 3084 magnum
1075 3021 1109 3068 W

141 3083 152 3150 ll
182 3089 213 3136 12
232 3086 361 3136 hancm:
380 3087 453 3136 hunc
471 3089 499 3134 11
522 3084 526 3150 l
558 3089 589 3136 13
607 3087 870 3149 promererentW!
895 3087 987 3136 inuisa
1004 3089 1107 3139 addidi:

140 3156 221 3202 om]
230 3154 409 3205 insolitaedd.
422 3151 433 3219 ΙΙ
447 3156 479 3204 14
484 3155 614 3220 princeps
625 3153 926 3218 aequatuscandidatis
933 3154 1107 3205 Schwarzius:

139 3221 266 3286 princeps
285 3221 449 3271 candidatus
468 3222 577 3286 equitus
596 3222 681 3270 BGV
699 3221 828 3286 princeps
847 3222 956 3287 equitus
976 3222 1108 3274 candida·

139 3291 184 3338 tus
201 3290 235 3335 W
249 3285 254 3353 Ι
270 3289 368 3340 similis
387 3291 521 3340 sectantis
538 3291 648 3353 scripsi:
667 3288 748 3339 simul
766 3290 867 3340 stantis
885 3292 913 3337 Μ
932 3290 1012 3340 simul
1031 3293 1107 3340 stans

140 3353 298 3406 Schwcrzius
314 3354 325 3422 ΙΙ
344 3357 374 3406 15
393 3356 471 3407 licuit
489 3359 593 3408 addidi:
611 3358 710 3417 111111,
731 3358 849 3422 contigit
866 3357 1025 3408 Selwurzr‘us
1040 3355 1045 3421 Ι
1061 3359 1107 3426 qui

140 3420 269 3474 honorem
286 3425 433 3474 Liuineius:
451 3425 581 3474 honorem
599 3425 647 3489 qui
664 3425 691 3471 11
712 3421 722 3488 ss
746 3427 780 3475 ‘24
798 3441 857 3474 cum
877 3441 924 3476 om.
942 3423 1104 3489 illustrem]

142 3503 255 3541 necesse
275 3490 529 3556 dicommendares
546 3493 579 3539 W
894 3493 897 3498 '
957 3496 961 3506 ¹

869 3577 903 3628 5*
