2586 3996
211 175 275 240 276
534 177 596 228 xu.
627 176 857 228 enormem.

210 327 401 410 imperatore
429 325 580 390 nobilitas
609 327 676 390 eius
704 347 773 390 esse
794 325 897 388 filiurn
919 324 1096 408 prinoipem
1125 327 1181 410 qui

209 411 361 508 princeps
393 431 462 474 esse
495 411 656 507 debuerit2
694 410 748 508 qui
775 409 861 474 huno
894 409 1027 506 humani
1049 409 1180 507 ‘fastigii

210 516 334 644 tlt?
347 494 1180 668 ttottiltttltttttltttett
1272 603 1277 626 .

184 664 300 729 suelut
312 667 369 729 tua
388 663 468 728 haee
483 664 587 727 forma
608 663 800 733 uenerabilis
822 684 918 747 quam
932 663 1080 728 fortunae
1103 685 1181 728 suae

209 770 269 832 par
292 751 356 812 ert!
396 770 492 832 quam
514 749 611 896 lonpe
633 749 758 832 lateque
782 748 953 831 oonspieua
976 746 1182 812 sommendat

209 834 453 917 imperatorem!
496 836 574 917 utp

208 918 313 1002 magis
328 918 448 982 nostris
469 918 629 987 mentibus
643 917 746 981 uirtus
768 939 809 981 an
824 917 989 1001 optutibus
1003 916 1111 981 uultus
1130 917 1180 980 in-

209 1001 325 1065 sinuet.
348 1023 414 1065 non
427 1002 546 1065 fmstra
557 1001 653 1085 plane
668 1003 817 1086 opinione
833 1001 1039 1085 sapientium,
1055 1002 1111 1084 qui
1122 1023 1180 1064 na-

170 1084 361 1150 roturalium
381 1088 543 1149 momenta
563 1107 728 1150 causarum
747 1086 895 1150 subtilius
916 1086 1071 1150 soisoitati
1091 1105 1179 1150 aroa-

208 1170 259 1233 nis
280 1170 469 1235 caelestibus
484 1170 609 1246 nobiles
630 1192 723 1234 curas
738 1171 927 1252 intulerunt,
952 1170 1180 1255 augustissima

208 1276 352 1352 quaeque
375 1255 496 1339 speeies
518 1255 692 1339 plurimum
715 1255 853 1320 ereditur
868 1255 995 1318 trahere
1017 1254 1055 1318 de
1078 1254 1177 1319 eaelo.

590 855 649 897 ane
677 833 712 896 in
734 833 884 917 ambiguo
906 833 950 896 sit
974 834 1123 896 utrumne
1145 836 1180 896 te
1275 845 1278 857 ‘

208 1361 275 1404 srue
305 1340 390 1404 enim
418 1338 546 1404 diuinus
574 1340 629 1404 ille
662 1341 787 1404 animus
815 1342 969 1405 uenturus
998 1339 1033 1403 in
1061 1360 1178 1423 eorpus
1276 1403 1277 1410 χ

209 1423 343 1509 dignum
363 1425 453 1508 prius
475 1427 615 1489 metatur
636 1424 812 1509 hospitium
834 1423 918 1507 siue,
942 1445 1015 1489 oum
1036 1423 1176 1507 uenerit,

171 1528 195 1566 15
208 1529 267 1592 pro
289 1509 401 1573 habitu
423 1530 480 1573 suo
502 1509 599 1594 fingit
620 1509 840 1575 habitaculum
868 1509 935 1573 siue
958 1507 1045 1572 aliud
1070 1530 1110 1572 ex
1133 1508 1178 1571 al-

208 1598 276 1656 tero
299 1595 413 1658 erescit
435 1596 482 1675 et,
507 1615 579 1658 oum
602 1615 635 1658 se
656 1594 746 1676 paria
768 1593 1019 1676 coniunxerunt,
1042 1595 1179 1676 utraque

207 1677 340 1741 meliora
361 1681 454 1742 sunt:
476 1699 608 1762 paream
630 1699 782 1742 areanum
805 1678 941 1742 caeleste
964 1677 1082 1741 rimari.
1115 1677 1179 1742 tibi
1277 1681 1278 1758 ᾗ

207 1762 293 1826 istud
320 1763 379 1826 soli
401 1766 527 1846 pateat,
558 1763 746 1848 imperator,
778 1784 849 1826 oum
871 1761 930 1826 deo
958 1765 1106 1826 consorte
1129 1783 1178 1826 se·
1251 1759 1278 1798 ·’

208 1849 337 1910 oretum.
381 1847 461 1910 illud
488 1847 591 1911 dinam
620 1848 704 1933 quod
733 1847 927 1912 intellexisse
952 1845 1117 1910 hominem
1146 1850 1179 1910 et
1277 1887 1278 1908 ι

168 1949 193 1987 ro
207 1929 325 1995 dixisse
347 1931 396 1995 fas
419 1935 483 1997 est:
506 1932 605 1996 talem
628 1953 696 1996 esre
716 1932 829 1996 debere
852 1932 906 2015 qui
928 1931 1078 2016 gentibus
1101 1930 1177 1994 ado·
1277 1929 1278 1966 l

206 2018 309 2097 ratur,
344 2017 397 2080 eui
424 2019 493 2079 toto
522 2017 598 2080 orbe
625 2020 782 2080 terrarum
810 2016 937 2099 priuata
966 2016 1018 2080 uel
1045 2015 1178 2099 publiea

206 2102 282 2163 uota
308 2099 499 2181 redduntur,
529 2122 547 2162 a
575 2121 637 2183 quo
665 2101 748 2184 petit
774 2101 986 2184 nauigaturus
1013 2120 1176 2184 serenum,

205 2183 468 2264 peregrinaturus
489 2183 642 2262 reditum,
665 2189 866 2270 pugnaturus
888 2185 1074 2268 euspicium.

270 2265 343 2331 VII.
396 2265 541 2352 Dudum,
575 2271 613 2332 ut
639 2269 732 2334 uideo
739 2319 748 2350 ‚
783 2268 967 2354 dedignaris
994 2268 1078 2332 hane
1105 2268 1177 2352 glo·

83 2414 93 2429 ,
166 2350 301 2432 aeriam,
333 2352 388 2416 sed
409 2354 520 2435 patere
549 2374 587 2417 ea
614 2353 649 2416 in
674 2353 804 2418 laudum
825 2356 954 2418 tuarum
981 2358 1072 2437 parte
1102 2374 1177 2418 oon·
1274 2399 1275 2430 p

206 2435 294 2499 stitui
317 2459 397 2519 quae
419 2435 545 2501 soleant
569 2439 604 2501 in
626 2436 698 2501 aliis
725 2437 793 2502 sola
814 2438 946 2502 laudari.
991 2438 1094 2503 uirtus
1117 2441 1177 2502 tus

204 2519 321 2582 meruit
347 2521 531 2604 imperium,
562 2522 617 2584 sed
646 2523 759 2586 uirtuti
787 2523 909 2586 addidit
931 2524 1036 2586 forma
1063 2521 1175 2586 suffra·

204 2602 303 2686 giam.
336 2604 392 2669 illa
414 2605 575 2688 praestitit
597 2607 634 2669 ut
655 2608 816 2690 oporteret
837 2610 870 2672 te
891 2607 1071 2691 prinoipem
1093 2606 1175 2690 fieri,

207 2743 278 2750 ..-
284 2745 410 2752 ---.-—...

273 2828 288 2874 1
307 2827 472 2891 imperatore
489 2828 533 2877 W:
552 2829 617 2894 imp.
630 2830 653 2876 A
671 2829 726 2893 imp
742 2830 765 2876 V
783 2830 872 2894 impar
887 2830 908 2877 B
926 2843 1014 2894 nuper
1031 2831 1049 2878 0
1064 2827 1075 2894 ΙΙ
1092 2831 1108 2878 ‘2
1126 2828 1177 2878 hu·

204 2894 280 2942 mani
298 2907 328 2959 ςι
350 2895 467 2944 Romani
484 2896 511 2943 Π
534 2893 544 2960 [Ι
568 2897 689 2948 tetiam
707 2899 756 2947 del.
776 2911 801 2946 w
824 2895 835 2962 ΙΙ
859 2899 973 2960 tiquam
991 2923 1023 2932 -
1041 2898 1057 2946 6
1077 2893 1174 2963 quam]

204 2961 269 3040 poia
281 2988 313 3040 -s
323 2965 391 3037 =quia
409 2977 433 3011 w
449 2963 454 3024 Ι
469 2961 609 3044 fortunae]
629 2964 733 3044 fprmae
751 2978 775 3012 w
792 2963 802 3030 ΙΙ
820 2966 1046 3045 [imperatorem
1062 2967 1176 3044 scripsi:

202 3031 393 3147 tltnttt
407 3027 564 3148 'talei
572 3048 610 3147 o
621 3030 996 3163 ltttltlttttttlt
1013 3031 1035 3148 i
1042 3028 1177 3149 tttt:

203 3161 278 3212 tibus
290 3164 313 3211 V
331 3134 489 3228 optantibus
500 3166 521 3213 B
539 3163 548 3229 ΙΙ
566 3167 582 3215 9
601 3115 784 3232 sapiientumB
797 3169 814 3214 0
828 3168 849 3215 V
861 3169 893 3216 W
910 3165 920 3233 ΙΙ
938 3170 971 3218 10
989 3113 1141 3216 subtilibris
1151 3166 1176 3215 A
1274 3181 1275 3188 ¹

202 3223 211 3292 ll
230 3230 262 3277 14
280 3230 391 3293 dignum
408 3235 486 3282 iterat
501 3234 524 3280 A
536 3231 546 3298 ΙΙ
561 3235 591 3283 15
610 3233 674 3299 ling.
692 3233 780 3284 habit.
799 3251 848 3300 pro
865 3235 962 3285 habitu
980 3249 1029 3284 suo
1041 3235 1061 3282 B
1072 3233 1121 3282 GV
1132 3237 1176 3292 W,

201 3301 272 3344 reete
290 3301 375 3349 calloo.
387 3301 410 3348 A
421 3299 497 3349 Bere.
514 3298 518 3364 1
534 3299 619 3366 aliud]
643 3301 758 3351 alterum
769 3303 902 3353 Liuineius
919 3301 929 3367 ΙΙ
947 3303 978 3352 16
996 3303 1124 3352 coniunx.
1138 3301 1175 3350 A:

202 3360 276 3412 iunx.
295 3364 315 3411 B
328 3367 345 3412 0
357 3367 379 3412 V
390 3367 423 3414 W
443 3365 453 3432 {l
478 3369 509 3417 1⁷
528 3367 643 3418 meliora
661 3369 698 3418 A:
717 3370 821 3420 maiora
837 3372 858 3419 B
871 3374 889 3418 0
900 3372 923 3420 V
935 3371 968 3418 W
988 3367 998 3434 11
1019 3372 1052 3419 20
1069 3385 1086 3418 a
1104 3383 1176 3434 gen·
1274 3397 1275 3426 ι

201 3428 277 3480 tibus
296 3433 354 3480 edd.
379 3430 390 3496 l
413 3436 445 3483 25
464 3449 497 3483 ea
517 3436 550 3484 A:
570 3451 630 3485 eam
648 3436 779 3484 Bovw
799 3453 832 3487 ea
851 3453 868 3488 a
885 3453 927 3488 me
945 3439 1077 3488 Liuineius
1093 3436 1097 3502 Ι
1113 3435 1177 3486 lau—

202 3495 275 3547 dium
292 3499 315 3545 A
338 3495 348 3562 ll
372 3500 405 3548 26
422 3500 532 3552 soleant
549 3506 658 3568 scripsi:
680 3503 810 3556 solebant
827 3507 855 3554 Ι
