2572 3990
205 181 246 244 18
527 181 549 230 1.
586 181 849 235 (1111111111.

205 330 362 394 uehiculis
385 329 553 412 tumultus²
577 330 701 394 nullum
725 331 809 394 circa
829 329 971 413 hospitia
992 330 1173 416 fastidium3

208 436 337 481 annona
359 435 438 497 quae
461 413 589 498 ceteris3
615 415 655 478 ad
679 415 740 478 hoc
764 414 931 478 comitatus
955 415 1118 480 accinctus
1141 421 1176 480 et
1276 444 1277 447 ¹

206 521 336 582 parcus:
375 499 495 562 diceres
524 520 676 582 magnum
703 499 840 582 aliquem
863 499 975 562 ducem
1003 521 1041 563 ac
1063 504 1095 564 te
1117 522 1173 583 po-

206 584 365 648 tissimum
381 583 421 646 ad
438 583 595 646 exercitus
611 583 672 648 ire:
696 584 773 648 adeo
789 583 871 647 nihil
889 588 945 646 aut
960 587 1045 648 certe
1059 607 1174 668 parum

178 691 193 730 s
206 669 360 732 intererat
377 667 462 730 inter
476 667 702 748 imperatorem
717 667 838 731 facturn
854 670 885 731 ct
899 667 1052 732 futurum.
1077 690 1173 751 quam

207 752 370 831 dissimilis
390 770 493 834 nuper
514 750 643 815 alterius
658 752 814 835 principis
828 753 997 816 transitus!
1022 754 1049 816 si
1063 757 1173 817 tamen

205 837 360 900 transitus
382 835 452 916 ille,
482 856 550 898 non
571 836 735 918 populatio
757 837 836 918 fuit,
867 857 938 900 cum
963 837 1096 922 abactus
1117 839 1174 900 ho-

174 991 176 995 ,
206 920 337 1004 spitium
365 919 512 982 exederet
540 921 709 1003 omniaque
734 920 846 985 dextra
867 920 1020 1004 laeuaque
1042 924 1176 1004 perusta

207 1009 239 1068 et
260 1005 383 1086 attrita,
406 1006 442 1067 ut
464 1004 491 1066 si
512 1004 562 1066 uis
584 1004 691 1088 aliqua
713 1004 764 1069 uel
786 1004 848 1088 ipsi
870 1004 917 1068 illi
940 1005 1069 1068 barbari
1092 1027 1173 1088 quos

167 1089 354 1172 refugiebat
384 1087 565 1151 inciderint.
609 1089 865 1170 persuadendum
894 1089 1069 1173 prouinciis
1104 1093 1174 1154 erat

206 1172 283 1237 illud
311 1173 373 1236 iter
400 1171 577 1235 Domitiani
605 1174 719 1255 fuisse,
754 1195 821 1238 non
853 1175 1018 1256 principis.
1062 1174 1172 1256 itaque

205 1279 272 1322 non
293 1261 361 1320 tam
383 1277 441 1338 pro
463 1259 520 1319 tua
540 1256 643 1341 gloria
666 1279 760 1341 quam
776 1279 834 1341 pro
850 1258 988 1322 utilitate
1012 1259 1173 1322 communi

207 1343 310 1406 edicio
333 1340 497 1405 subiecisti
512 1340 586 1424 quid
610 1341 644 1404 in
659 1345 829 1425 utrumque
851 1345 993 1406 uestrum
1016 1347 1101 1406 esset
1114 1343 1172 1404 irn-

179 1429 180 1432 ’
206 1448 352 1511 pensum.
384 1435 547 1488 assuescat
567 1427 741 1508 imperator
764 1449 835 1490 eum
858 1426 991 1511 imperio
1015 1426 1172 1490 caleulum

169 1533 193 1573 15
207 1531 341 1594 ponere:
378 1510 424 1573 sic
454 1513 558 1592 exeat,
592 1512 638 1574 sic
665 1511 790 1594 redeat,
825 1515 987 1594 tamquam
1013 1512 1172 1575 rationem

110 1661 115 1668 ,
206 1595 402 1677 redditurus3
427 1593 531 1657 edicat
552 1595 628 1676 quid
651 1595 873 1679 absumpserit.
903 1597 950 1658 ita
971 1595 1027 1659 fiet
1048 1600 1173 1658 utnon

207 1680 354 1744 absumat
377 1677 461 1761 quod
482 1678 602 1762 pudeat
623 1679 755 1744 edicere.
778 1683 942 1764 praeterea
964 1679 1063 1742 futuri
1085 1681 1174 1762 prin-

140 1823 143 1828 .
207 1764 302 1848 cipes,
324 1763 426 1827 uelint
440 1763 556 1846 nolint,
579 1764 685 1828 sciant
705 1767 790 1828 tanti
811 1785 872 1829 suu
892 1767 1010 1829 itinero
1031 1769 1173 1828 constare

207 1851 312 1914 debere
339 1849 453 1930 quanti
485 1851 576 1911 tuum
610 1851 751 1928 constat,
787 1849 1021 1932 propositisque
1049 1849 1171 1912 duobus

168 1957 193 1996 co
207 1932 360 2016 exemplis
389 1931 593 1996 meminerint
619 1933 751 2014 perinde
780 1935 996 1997 coniecturam
1018 1932 1057 1996 de
1078 1933 1172 1995 mori-

206 2019 266 2080 bus
289 2018 354 2080 suis
376 2016 523 2078 homines
547 2037 615 2078 esse
637 2015 1172 2100 1110111100,Ῥ101111100110111]οἀ

207 2102 373 2184 elegerint.

271 2184 358 2249 XXI.
376 2185 494 2251 Nonne
506 2186 556 2250 his
568 2190 618 2251 tot
628 2187 791 2270 tantisque
801 2186 923 2251 meritis
934 2207 1036 2250 nouos
1048 2185 1171 2267 aliquos

207 2269 353 2352 honores,
375 2291 477 2334 nouos
499 2271 609 2336 t'tulos
631 2271 818 2336 merebere?
840 2275 874 2335 at
895 2275 930 2334 tu
953 2271 1050 2334 etiam
1071 2268 1171 2352 patris

168 2354 330 2437 repatriare
351 2355 530 2421 recusabas.
570 2377 665 2440 quam
687 2357 784 2440 longa
805 2355 898 2419 nobis
922 2377 991 2419 oum
1015 2355 1172 2418 modestia

206 2442 262 2502 tua
283 2443 408 2522 pugna!
432 2462 528 2523 quam
550 2441 640 2505 tarde
662 2441 812 2505 uicimus!
835 2461 955 2504 nomen
973 2439 1063 2521 illud,
1087 2438 1170 2521 quod

207 2523 261 2586 alii
282 2525 386 2606 primo
412 2526 522 2588 statim
543 2526 742 2609 principatus
764 2524 829 2607 die,
858 2527 895 2587 ut
915 2524 1117 2606 imperatoris
1139 2525 1171 2586 et

207 2605 368 2690 Caesaris,
397 2613 601 2692 receperunt,
630 2613 665 2674 tu
688 2631 787 2693 usque
813 2630 850 2673 eo
873 2608 1041 2690 distulisti,
1072 2607 1172 2670 donec

206 2696 241 2754 tu
271 2713 409 2776 quoque,
439 2693 664 2758 beneficiorum
692 2698 819 2758 tuorum
845 2693 1050 2776 parcissimus
1078 2691 1172 2756 aesti-

273 2901 288 2948 3
308 2913 406 2962 parcus
421 2899 510 2963 Orops
528 2903 666 2964 par-ensi!
679 2898 716 2965 116
735 2897 833 2965 nuper]
852 2899 1012 2964 imperatori
1031 2899 1067 2959 01
1084 2903 1172 2948 trans·

205 2967 261 3014 itus
279 2967 412 3030 principis
432 2967 453 3014 V
469 2965 479 3032 11
497 2970 512 3017 7
530 2969 723 3031 hospociumV
743 2966 753 3032 11
775 2970 791 3018 8
810 2966 933 3018 exederet
951 2981 1012 3030 epo:
1031 2971 1173 3016 exerceret

205 3033 237 3080 W
256 3039 384 3083 execeret
396 3035 419 3082 V
437 3041 563 3085 exereret
575 3037 623 3084 Bc
635 3031 645 3098 11
659 3039 673 3085 9
691 3035 735 3085 ilii
752 3052 798 3085 om.
811 3036 844 3083 W
860 3033 907 3084 nel
918 3035 938 3082 B
951 3031 961 3098 11
976 3037 1007 3084 10
1018 3032 1173 3083 inciderent

205 3101 241 3157 Μ,
260 3116 331 3152 corr.
349 3102 509 3152 Sctwursius
527 3101 689 3152 incidissent
707 3103 837 3166 Hauptius
854 3105 870 3153 t.
889 3105 905 3151 I.
923 3119 948 3164 p.
968 3098 1024 3167 2711
1054 3101 1085 3150 15
1103 3107 1172 3150 tam-

206 3163 301 3230 quam]
322 3169 430 3230 quasit
448 3165 457 3234 11
477 3173 507 3219 16
526 3171 565 3218 ita
584 3168 629 3218 fiet
645 3195 679 3204 —
698 3172 728 3218 17
746 3170 886 3232 principes
905 3185 950 3218 om.
965 3169 998 3216 W
1015 3171 1075 3220 add.
1093 3184 1172 3232 murp.

138 3281 140 3285 ,
204 3231 371 3296 1111001118
390 3237 480 3285 sciant
498 3238 570 3286 tanti
592 3241 667 3285 tuum
686 3234 803 3298 (tantum
819 3237 848 3299 c)
867 3241 976 3286 constat
993 3241 1028 3301 Μ,
1047 3237 1172 3299 suppleri.

207 3301 297 3350 sciant
311 3303 382 3351 tanti
399 3303 450 3353 iter
464 3309 541 3352 tuum
560 3307 670 3353 constat
682 3303 865 3354 Rittersdusius
884 3304 974 3354 sciant
987 3304 1084 3367 quanti
1096 3307 1171 3352 tuum

206 3373 315 3418 constet
326 3369 468 3421 Gronovius
479 3374 569 3420 sciant
582 3371 652 3419 tanti
665 3374 792 3422 constare
804 3377 936 3435 quantum
949 3376 1058 3422 constat
1067 3371 1173 3420 Momm·

204 3434 364 3554 10110111ν19
388 3438 592 3503 propositisque
613 3439 629 3486 0
648 3438 681 3485 W
701 3435 711 3502 11
732 3439 764 3488 23
786 3454 841 3489 non
864 3439 907 3488 his
927 3439 948 3486 V
968 3435 978 3502 11
999 3441 1032 3491 27
1055 3439 1173 3502 impera-

204 3507 295 3553 torum
346 3541 352 3554 .
471 3523 473 3528 ·
