2586 3996
199 130 262 194 296
523 133 584 183 xn.
616 129 748 182 ruenni
766 131 845 181 run.

199 280 349 365 quicquid
371 281 404 344 in
421 281 509 343 ciues
521 283 631 344 manat
651 280 829 362 aprincipe
852 280 1010 344 redundet
1029 280 1064 343 in
1081 282 1176 364 prin·

199 366 318 448 eipem:
347 367 379 427 et
401 365 446 427 rei
470 366 502 428 et
523 364 629 428 famae
652 364 733 428 bene
757 364 895 428 consulit
916 365 1086 428 munificus
1110 365 1172 428 im-
1266 391 1267 406 2

199 451 334 532 perator.
378 449 521 512 lucratur
544 449 629 512 enim
652 449 803 532 gloriam,
827 469 899 512 cum
922 448 975 512 det
997 449 1172 531 pecuniam

198 553 408 598 reuersuram.

173 637 186 676 5
263 616 414 680 XXVIII.
460 616 522 681 Sed
544 617 592 680 illi
613 617 740 700 quidem
763 617 862 680 stulta
884 617 987 680 omnis
1010 617 1094 681 ratio
1119 639 1173 680 ea-

198 700 339 785 ptandae
353 701 457 765 laudis
474 700 649 765 uidebatur.
672 703 726 784 qui
737 705 864 785 praeter
879 701 1013 764 insitum
1027 701 1172 783 pessimo

199 786 299 850 cuiuis
314 786 391 849 boni
408 789 626 868 contemptum
648 807 804 849 summam
818 784 1008 848 felicitatem
1025 785 1171 848 habendi

199 892 237 933 ac
269 869 405 934 nocendi
431 870 495 934 fine
523 871 738 934 determinans
771 891 836 933 non
870 869 973 951 solum
1006 872 1043 933 ut
1072 889 1170 952 quam

198 954 370 1036 plurimum
403 958 583 1037 quaereret,
616 955 671 1017 sed
698 958 736 1017 ut
762 953 845 1017 nihil
874 954 1020 1036 cuiquam
1052 954 1170 1036 reliqui

160 1037 318 1100 refaceret
340 1036 518 1102 laborabat.
562 1059 622 1101 neo
651 1039 752 1118 enim,
782 1039 837 1121 qui
857 1038 988 1122 regibus
1016 1059 1086 1101 mos
1110 1040 1169 1119 est,

199 1122 364 1186 exurendis
396 1121 591 1206 inuigilabat
623 1122 761 1185 metallis
798 1126 834 1186 ut
866 1122 999 1186 latentia
1033 1125 1169 1184 naturae

198 1207 283 1269 bona
311 1206 345 1268 in
368 1227 460 1269 usum
487 1208 663 1271 arcesseret
691 1209 723 1270 et
743 1210 873 1290 pararet
900 1206 1050 1270 innoxias
1078 1205 1169 1268 nullo
1266 1193 1267 1242 1

198 1291 386 1374 pauperiore
416 1290 556 1354 diuitias.
601 1313 714 1374 parum
747 1291 802 1354 ille
829 1291 1003 1386 pretiosum
1031 1290 1169 1386 putabat

198 1397 309 1471 aurum
332 1374 414 1457 quod
438 1374 476 1440 de
498 1377 655 1439 montium
677 1375 768 1439 uenis
791 1378 847 1438 aut
866 1375 1033 1471 flammam
1048 1374 1169 1470 glareis

161 1477 185 1518 1⁵
200 1461 369 1556 quaesitor¹
391 1457 509 1522 Bessus
544 1466 599 1556 aut
631 1462 789 1524 scrutator
817 1457 978 1522 Gallarcus
1013 1459 1168 1554 eruisset:

197 1543 409 1626 1lludpur1us
432 1543 691 1627 splendrdrusque
715 1544 864 1608 credebat
887 1541 982 1626 [quod
1004 1540 1169 1605 dedissent

199 1625 373 1775 dolentesl),
412 1627 496 1710 quod
524 1628 690 1692 hominum
718 1627 886 1708 lacrimae,
925 1648 992 1690 non
1024 1627 1167 1692 amnium

197 1733 299 1795 aquae
328 1712 503 1776 aluissent
529 1734 589 1776 neo
618 1735 634 1776 e
660 1713 795 1776 terrenis
823 1711 979 1794 specubus
1008 1713 1166 1794 egestum,
1266 1713 1267 1736 l

199 1795 253 1860 sed
275 1817 292 1859 e
314 1797 490 1860 ceruicibus
510 1797 689 1880 iugulisque
712 1817 874 1860 caesorum
897 1798 980 1859 esset
998 1795 1167 1858 ecfossum.
1266 1827 1267 1838 κ

160 1899 185 1938 ao
200 1879 260 1962 sic,
286 1901 357 1944 eum
381 1881 512 1944 immitis
534 1881 665 1964 tyranni
688 1884 720 1944 et
742 1879 833 1944 stilus
855 1881 1021 1944 limaretur
1044 1882 1078 1942 et
1100 1879 1167 1962 gla·
1266 1951 1267 1956 η

199 1964 284 2045 diue,
312 1964 484 2028 transierat
511 1966 544 2030 in
573 1967 649 2028 uota
670 1968 841 2048 paupertas
869 1966 916 2046 et,
944 1966 979 2027 ut
1000 1984 1167 2046 possemus

199 2049 340 2131 effugere
357 2049 548 2130 carnificem,
566 2048 756 2132 optabamus
772 2049 878 2112 subire
894 2050 1059 2112 sectorem.
1083 2047 1167 2130 quod

198 2132 225 2193 si
249 2133 299 2194 cui
322 2131 375 2194 ille
396 2152 455 2213 pro
477 2133 590 2196 ceteris
614 2131 784 2196 sceleribus
807 2133 871 2196 suis
899 2133 1005 2196 minus
1027 2131 1166 2195 erudelis

197 2215 297 2278 fuisse
324 2214 464 2297 uidetur,
497 2219 641 2280 uestrum
668 2216 711 2297 is,
744 2219 902 2300 uestrum,
936 2215 1027 2280 Balio
1055 2216 1167 2280 trium-

159 2297 302 2382 cephalis
326 2301 358 2363 et
377 2301 519 2364 trabeate
534 2300 754 2383 Merobaudesy
777 2301 961 2366 recordetur
982 2300 1166 2366 interitum:

198 2405 332 2466 quorum
360 2383 440 2446 alter
461 2390 534 2468 post
557 2385 770 2468 amplissimos
798 2386 1007 2469 magistratus
1035 2387 1069 2448 et
1090 2405 1166 2467 pur-

197 2489 295 2548 puras
319 2467 500 2531 consulares
528 2471 560 2532 et
583 2472 783 2533 contractum
804 2471 891 2533 intra
915 2491 1013 2532 unam
1035 2469 1167 2532 domum

198 2551 357 2634 quendam
378 2549 536 2615 honorum
564 2557 710 2617 senatum
732 2555 799 2616 uita
822 2575 890 2617 sese
912 2552 1060 2617 abdicare
1082 2574 1166 2617 oom-

266 2774 279 2819 1
298 2772 484 2835 redundetur,
505 2789 572 2825 corr.
590 2775 723 2826 Liuineius
739 2773 750 2840 ll
767 2777 781 2825 i
801 2775 887 2826 cuiuis
907 2773 1070 2838 Sciefferue:
1088 2774 1166 2824 cuius

196 2840 222 2886 Η
242 2839 301 2889 eius
313 2853 338 2887 w
352 2841 449 2904 cuique
462 2843 520 2894 edd.
536 2840 540 2906 l
557 2839 705 2906 &temptum
716 2845 823 2907 scripsi:
842 2841 993 2906 exemplum
1004 2842 1031 2890 Π
1047 2841 1167 2906 exempli

198 2905 286 2956 odium
307 2907 381 2972 θυεμ.
395 2905 404 2972 ΙΙ
419 2911 449 2956 11
468 2909 611 2959 exarandis
629 2924 667 2958 w:
686 2908 846 2960 exercendis
864 2910 891 2956 n
908 2909 1054 2974 egerendis
1068 2908 1166 2959 Acidu-

196 2974 243 3023 Iiue
261 2971 271 3037 ll
291 2975 321 3022 12
340 2977 545 3026 accresceretB
565 2978 756 3028 accesseretv
775 2981 931 3028 arcesseret
942 2977 996 3025 nc
1014 2979 1166 3034 are{esce-

196 3045 238 3090 ret
256 3042 288 3088 W
304 3037 316 3105 l}
332 3043 363 3091 15
382 3041 517 3106 gallaicus
534 3045 601 3093 BV:
621 3045 755 3110 gallaitus
772 3045 795 3092 A
814 3043 950 3109 galliaeus
969 3045 986 3092 0
1004 3041 1124 3106 gallicus
1142 3057 1167 3091 w

199 3103 210 3170 ll
232 3109 263 3155 16
282 3109 353 3172 quod
372 3109 512 3160 dedissent
530 3111 651 3162 dolentes
669 3113 689 3160 B
708 3115 725 3160 G
745 3112 766 3159 V
783 3113 816 3159 W
834 3111 935 3174 iubent,
954 3119 1025 3160 recte
1044 3127 1091 3161 om.
1107 3112 1131 3159 A
1151 3107 1165 3175 ll

196 3174 228 3222 19
248 3178 275 3221 et
294 3175 437 3226 fossumA
457 3177 585 3228 effossum
604 3187 663 3231 cett.
691 3177 701 3245 ll
724 3182 758 3229 20
776 3181 890 3230 timetur
908 3180 940 3226 W
963 3175 972 3242 ΙΙ
997 3181 1030 3228 23
1053 3178 1099 3227 cui
1117 3177 1167 3227 ille

195 3238 326 3292 ABert.:
352 3243 399 3292 ille
418 3246 462 3294 cui
480 3246 500 3294 B
519 3246 535 3294 G
553 3248 576 3295 V
594 3248 627 3295 W
649 3247 696 3296 ille
721 3247 766 3295 oui
783 3253 905 3298 uestrum
922 3259 947 3293 w
976 3243 986 3310 ΙΙ
1016 3248 1049 3296 24
1072 3253 1167 3294 utrum-

196 3323 242 3372 que
266 3313 387 3358 uestrum
410 3313 458 3361 dei.
479 3326 503 3360 w
527 3310 531 3376 Ι
556 3310 594 3380 is]
614 3315 674 3364 sit
698 3314 702 3378 Ι
726 3314 807 3365 Balio
826 3321 858 3366 tr.
882 3318 911 3364 et
928 3314 1057 3362 trabeate
1075 3313 1167 3363 Mero-

194 3373 466 3508 lalliqesnluiieam:
496 3379 589 3430 Uallio
613 3387 646 3432 tr.
674 3387 702 3432 at
725 3382 846 3432 trabeati
869 3380 1041 3431 merobaudis
1066 3377 1167 3444 (mero-

208 3457 242 3492 au
263 3457 285 3491 rs
