2572 3990
541 7 560 40 Ο

417 187 578 241 sarrano
597 189 631 243 Ι),
655 190 765 243 eo-sa.
975 265 978 270 ι
1033 188 1074 252 57

109 342 140 403 te
162 358 230 402 nou
252 337 308 401 uni
330 339 408 402 dore
430 338 552 403 licuisse
574 337 691 401 claret:
723 341 856 421 uterque
878 360 981 422 nuper
1002 359 1075 404 eon·

109 423 247 487 sulatum
261 422 405 486 'alterum
421 424 565 506 gesserat
587 443 605 486 a
625 425 716 507 patre
735 425 792 486 tuo
815 421 862 506 (id
885 426 934 486 est
955 426 1076 507 quanto
1143 443 1146 452 ¹

108 507 214 571 minus
236 528 333 590 quam
360 527 379 570 a
401 508 466 590 tel)
495 505 619 590 datum3
653 507 817 590 utriusque
845 507 948 571 adhue
976 507 1074 572 oeulis

131 592 204 655 aulo
228 593 303 655 ante
326 590 449 654 dimissi
471 590 574 656 fasoes
596 591 802 674 oberrabant,
827 593 992 675 utriusque
1014 593 1075 656 sol·
1164 590 1166 594 ’

107 615 224 741 iemnis
252 676 306 740 ille
330 675 479 739 lictorum
507 678 540 740 et
560 675 771 759 praenuntius
800 675 919 739 elamor
946 676 1103 740 auribuss

106 760 280 844 insederat,
303 781 375 824 oum
397 781 506 824 rursus
529 760 647 824 eurulis
668 781 840 843 rursusque
860 781 1017 844 purpura3
1040 764 1077 825 ut

108 845 200 928 olim,
229 865 300 922 eum
323 845 424 908 hostis
446 845 481 908 in
503 844 648 928 proximo
671 845 761 909 etin
783 865 942 908 summum
964 845 1075 909 discri-

107 951 183 994 men
205 929 415 994 adducturos
437 928 567 1012 publiea
588 933 755 1013 expertum
773 928 948 992 honoribus
969 929 1076 992 uirum

130 1017 266 1096 oseeret,
290 1034 357 1078 non
379 1014 564 1078 consulatus
580 1013 764 1078 hominibus
787 1013 897 1096 isdem,
921 1013 1075 1078 sedidem

107 1037 254 1162 iomines
283 1097 500 1162 consulatibus
528 1097 751 1163 reddebantur.
795 1100 890 1162 tanta
913 1097 972 1162 tibi
994 1098 1076 1163 bene
1089 1117 1116 1154 10

107 1183 249 1248 faciendi
276 1183 326 1246 uis
359 1185 395 1246 ut
420 1182 624 1267 indulgentia
651 1185 708 1247 tua
733 1183 942 1246 necessitates
971 1204 1075 1246 aemu-

108 1268 200 1332 letur.
246 1266 341 1331 modo
362 1269 544 1350 praetextas
567 1269 736 1350 exuerant3
765 1270 947 1330 resumant:
980 1267 1075 1330 modo

109 1351 238 1416 lictores
262 1350 350 1415 abire
371 1352 546 1436 iusserant3
572 1354 738 1415 reuocent:
761 1350 854 1414 modo
876 1350 1075 1435 gratulantes

109 1436 204 1501 amici
225 1439 438 1519 recesserant3
465 1438 674 1500 reuertentur.
718 1433 898 1499 hominisne
920 1435 1006 1500 istud
1028 1435 1075 1498 in-

108 1522 239 1605 genium
262 1523 321 1602 est,
344 1519 483 1584 hominis
505 1523 656 1603 potestas,
679 1540 832 1583 renouare
854 1518 983 1604 gaudia,
1006 1520 1115 1583 red-15

109 1607 273 1689 integrare
286 1602 441 1668 laetitiam
455 1603 576 1667 nullam
601 1626 639 1668 ue
654 1604 796 1686 requiem
807 1604 1075 1750 qpatulationibus

109 1689 185 1754 dare
212 1710 317 1773 neque
349 1689 412 1752 alia
442 1626 622 1771 repetendis
658 1687 878 1751 consolatius
905 1687 1077 1752 interualla

108 1774 308 1857 permittere,
331 1773 394 1836 nisi
416 1773 493 1836 dum
513 1771 693 1836 finiuntur?
733 1771 833 1835 facias
856 1772 919 1835 ista
941 1792 1075 1855 semper,

109 1879 168 1922 neo
191 1878 344 1941 umquam
366 1857 401 1921 in
422 1857 483 1921 hoo
506 1877 601 1939 opere
624 1859 680 1920 aut
702 1856 827 1920 animus
849 1859 923 1919 tuus
945 1859 1000 1919 aut
1014 1855 1075 1919 ior-

109 1943 189 2006 tuna
210 1942 356 2006 lassetur.
383 1941 437 2006 des
460 1963 555 2025 quam
576 1940 723 2026 plurimis
745 1940 859 2006 tertios
880 1941 1074 2019 consulatus,
1089 1957 1115 1997 20

110 2030 155 2106 et,
180 2047 254 2090 cum
275 2026 421 2109 plurimis
443 2028 556 2090 tertios
579 2025 763 2090 consulatus
786 2025 926 2106 dederis,
952 2045 1076 2108 semper

110 2115 219 2175 tamen
240 2110 348 2194 plures
371 2110 487 2194 quibus
510 2111 625 2175 debeas
649 2110 723 2175 dare
746 2109 917 2193 supersint.

171 2193 273 2260 LXII.
323 2194 473 2259 Omnium
501 2196 629 2279 quidem
651 2195 889 2270 beneficiorum,
907 2214 990 2277 quae
1012 2214 1075 2258 me·

111 2280 256 2344 rentibus
289 2278 475 2343 tribuuntur
506 2301 573 2344 non
604 2279 643 2342 ad
672 2280 760 2362 ipsos
789 2278 942 2362 gaudium
974 2279 1076 2342 maius

110 2385 205 2447 quam
220 2363 262 2428 ad
278 2363 397 2428 similes
411 2364 584 2428 redundat:
601 2363 770 2448 praecipue
785 2366 893 2426 tamen
909 2384 948 2426 ex
962 2361 1116 2426 hor-uma

112 2448 279 2512 consulatu
305 2470 372 2512 non
399 2448 440 2513 ad
461 2451 586 2532 partem
612 2448 752 2533 aliquam
780 2449 924 2529 senatus,
953 2447 1009 2510 sed
1036 2445 1076 2510 ad

13 2551 18 2560 ·
111 2536 213 2597 totum
248 2538 393 2597 senatum
425 2535 518 2596 tanta
544 2532 667 2597 laetitia
694 2533 841 2616 peruenit
872 2534 909 2595 ut
942 2531 1078 2595 eundem

111 2616 266 2682 honorem
287 2639 396 2682 omnes
412 2617 474 2681 sibi
490 2622 522 2681 et
537 2617 660 2682 dedisse
675 2621 707 2682 et
722 2617 882 2700 accepisse
896 2615 1075 2679 uideantur.

111 2724 227 2786 nempe
255 2702 341 2766 enim
371 2702 406 2765 hi
435 2705 510 2766 sunt
542 2723 621 2786 quos
653 2703 800 2784 senatus,
840 2722 912 2766 oum
939 2700 1077 2782 publieis

111 2787 289 2870 sumptibus
311 2785 493 2850 minuendis
522 2786 678 2869 optimum
704 2806 859 2869 quemque
880 2784 1076 2867 praeficeret,
1090 2802 1117 2841 ao

112 2871 223 2955 elegit,
258 2872 290 2933 et
316 2871 445 2953 quidem
472 2870 601 2954 primos.
646 2870 708 2933 hoe
730 2872 780 2932 est
799 2869 914 2964 igitur,
944 2867 1006 2963 boo
1029 2870 1078 2930 est

112 2957 192 3036 quod
223 2956 352 3037 pemtus
384 2955 457 3018 illos
491 2954 599 3018 animo
629 2951 774 3018 Caesaris
806 2953 991 3015 insinuarunt.
1036 2972 1078 3014 an

111 3060 224 3120 parum
253 3060 348 3122 saepe
376 3039 501 3122 experti
528 3059 636 3120 sumus
662 3037 747 3100 hane
776 3057 845 3100 esse
872 3057 978 3100 rerum
1004 3056 1078 3100 oon-

179 3246 210 3292 11
230 3244 418 3295 necessitesc
447 3241 457 3308 11
488 3245 520 3294 16
537 3240 639 3292 nullam
656 3242 776 3308 requiem
792 3241 825 3292 W
855 3241 859 3304 Ι
884 3239 1077 3304 gratulationis

112 3311 128 3358 0
159 3309 169 3377 ΙΙ
200 3313 232 3361 19
250 3314 298 3362 tua
316 3312 349 3360 W
378 3309 389 3376 ΙΙ
419 3313 451 3361 21
470 3314 499 3361 et
516 3325 577 3360 oum
595 3309 665 3374 plur.
685 3315 746 3359 tert.
765 3309 925 3360 consulatus
944 3325 990 3359 om.
1008 3308 1041 3356 W
1064 3306 1075 3373 ll

111 3377 144 3428 30
163 3393 295 3444 quemque
314 3380 359 3428 W:
379 3393 458 3443 quem
475 3379 496 3427 B
514 3378 572 3427 GV
598 3381 603 3441 Ι
628 3375 806 3442 perficereto
836 3373 846 3440 ΙΙ
875 3379 905 3427 31
926 3375 1078 3439 etquidem

111 3444 255 3496 blaineiua:
274 3447 397 3512 equidem
414 3449 442 3493 Η
463 3443 472 3510 ΙΙ
498 3448 530 3496 33
547 3445 651 3510 experti
669 3459 760 3496 sumus
779 3446 797 3492 0
816 3457 854 3492 w:
873 3443 1078 3509 expertissimus

111 3512 134 3558 V
151 3514 349 3576 expertissimis
366 3515 387 3562 B
