2586 3996
329 167 541 220 THEODOSIO
561 166 733 219 AUGUSTO
752 169 785 218 D.
807 168 916 219 34-36.
1042 167 1104 232 303

138 319 244 382 castra
266 316 400 396 collatis,
424 316 507 398 quod
525 316 694 400 praecipiti
717 315 768 379 die
787 337 917 380 manum
939 337 1105 381 conserere

136 422 204 466 non
226 403 367 484 poterat,
390 422 406 464 s
430 421 447 464 c
468 400 621 464 uictoriae
642 402 677 464 in
699 401 803 464 lucem
826 403 979 464 uenturae
1001 403 1105 485 perui-

136 486 184 570 gil
207 488 328 568 ageret,
350 423 477 547 tardum
499 484 609 566 solem,
633 484 826 548 desertorem
845 483 940 567 diem,
963 506 1105 550 annuum

135 569 242 636 noctis
258 569 397 633 aestiuas
412 573 539 652 tempus
555 569 784 633 criminaretur.
808 589 880 632 ecoe
895 567 951 631 lux
964 570 1104 652 tandem,

138 657 170 718 et
190 655 255 718 iam
284 674 413 736 campus
435 653 585 717 horrebat
612 653 771 716 exercitu:
809 651 904 716 diuisi
929 653 962 717 in
987 671 1130 718 cornuae

137 738 270 822 equites,
292 738 378 800 leues
402 740 477 801 ante
500 738 593 821 signa
614 737 736 820 uelites,
763 736 936 819 dispositae
957 739 1104 820 manipu-

136 822 228 886 latim
252 821 399 885 cohortes
422 824 455 885 et
476 823 577 918 gradu
596 823 692 904 pleno
713 820 855 884 ferentes
877 822 1008 905 agmina
1030 843 1104 906 qua-

137 906 246 970 dratae
268 905 411 990 legiones
437 927 586 970 unruersa
608 907 672 970 late
699 926 761 989 qua
787 905 875 969 uisu·
904 905 958 990 agi
979 909 1106 990 poterat

5 983 7 992 ¹
81 1061 83 1068 ,
138 993 343 1073 occuparant.
388 990 532 1054 nondum
564 1012 598 1054 se
626 990 728 1054 uirtus
761 990 1003 1072 experiebatur:
1040 991 1105 1055 iam

138 1073 308 1156 disciplina
342 1073 501 1139 uincebat.
546 1077 580 1138 at
606 1077 775 1158 postquam
807 1074 894 1138 intra
924 1075 1104 1139 coniectum
1119 1096 1144 1135 ιο

137 1159 194 1222 teli
222 1158 306 1222 acies
333 1162 467 1244 utraque
489 1160 651 1242 promouit
679 1162 711 1222 et
733 1159 840 1222 effusis
862 1158 938 1222 hinc
963 1160 1038 1224 inde
1060 1161 1105 1223 ia-

137 1242 281 1306 culorum
303 1242 552 1326 sagittarumque
574 1243 693 1305 nimbis
715 1263 766 1305 res
789 1243 879 1305 uenit
901 1243 942 1305 ad
964 1243 1104 1326 capulos,

136 1326 255 1390 milites
278 1327 434 1408 pristinae
456 1325 601 1407 uirtutis,
628 1324 767 1388 Romani
789 1325 944 1408 nominis,
971 1326 1104 1409 impere-

136 1415 241 1473 torum
255 1409 328 1472 deni
352 1431 391 1474 ue
404 1430 561 1474 memores
577 1429 703 1473 causam
714 1408 876 1491 publicam
891 1431 989 1473 manu
999 1431 1103 1495 agere.

136 1493 246 1558 hostes
273 1431 438 1557 uenditum
466 1514 614 1577 operam⁷
643 1494 815 1557 laceratam
843 1493 986 1576 Italiam,
1015 1512 1144 1578 spemn

137 1579 173 1644 in
192 1578 280 1642 ferro
302 1578 457 1662 reliquam
480 1579 658 1663 cogitantes
673 1577 865 1661 gladiatoria
882 1577 1105 1661 desperatione

136 1683 283 1810 pugnare
305 1683 366 1727 nec
385 1663 487 1746 gradu
510 1663 630 1746 cedere,
653 1662 708 1726 sed
730 1662 764 1724 in
786 1661 924 1745 uestigio
947 1667 1032 1727 stare
1054 1663 1106 1727 uel

138 1767 175 1811 ca
198 1768 260 1810 ere.

200 1829 352 1894 XXXVI.
397 1832 443 1893 At
464 1829 519 1893 ubi
546 1829 685 1912 impulsa
713 1829 796 1894 acies
818 1829 971 1913 fronsque
998 1829 1106 1895 laxata

138 1917 170 1978 et
184 1914 301 1980 fiducia
314 1915 349 1978 in
364 1914 461 1998 pedes
475 1935 570 1978 uersa
586 1916 642 1994 est,
666 1915 712 1980 ire
727 1914 917 1997 praecipites
937 1917 993 1978 aut
1007 1914 1143 2000 globoso

137 1999 249 2085 fugere
273 2001 360 2064 etse
383 1999 522 2064 inuicem
544 1998 727 2064 festinando
749 1998 886 2063 tardare.
919 1999 1036 2062 armati
1057 2000 1106 2063 in·

138 2106 240 2148 ermes
246 2134 254 2167 ‚
292 2083 411 2168 integri
444 2083 561 2164 saucii,
598 2083 693 2165 primi
720 2084 937 2167 postremique
969 2083 1105 2148 misceri.

138 2167 229 2232 miles
243 2189 379 2314 urguere
395 2169 518 2232 eminus
534 2168 689 2251 cominus,
705 2167 820 2252 gladiis
832 2167 944 2251 hastis,
959 2168 1105 2250 punctim

139 2251 258 2315 caesim
299 2253 390 2315 crire.
433 2252 488 2314 alii
515 2252 690 2334 poplitibus
717 2253 899 2334 imminere,
930 2253 986 2316 alii
1013 2255 1106 2336 terga

139 2335 299 2431 contigere
331 2338 388 2398 aut
414 2355 493 2418 quos
522 2356 616 2398 cursu
646 2357 712 2398 non
740 2339 889 2417 poterant
917 2336 1105 2400 continuare
1118 2351 1144 2394 25

137 2419 251 2483 iaculrs
273 2440 435 2502 occupare.
464 2440 553 2484 arma
573 2419 649 2502 tela,
674 2419 746 2502 equi
768 2419 922 2502 homines,
945 2420 1019 2484 uiua
1036 2441 1106 2503 per-

139 2507 255 2587 empta,
277 2525 380 2586 prona
395 2504 571 2588 supinaque
594 2524 726 2588 corpora
740 2504 861 2586 passim
876 2503 927 2568 uel
940 2505 975 2568 in
991 2525 1105 2568 aceruo

138 2588 252 2653 iacere.
296 2588 344 2653 illi
372 2589 493 2653 mutilis
524 2589 700 2672 excisisque
726 2588 878 2653 membris
906 2589 1028 2672 reliqua
1056 2589 1105 2653 sui

206 2809 269 2858 lin
287 2808 377 2859 lucem
394 2810 503 2873 scripsi:
530 2823 590 2858 cum
610 2808 671 2858 luce
687 2810 716 2855 n
744 2805 754 2872 ΙΙ
784 2809 799 2858 3
823 2807 981 2857 animumA
1005 2823 1106 2858 annum

138 2877 270 2927 Liuineius
299 2873 309 2940 ΙΙ
338 2877 454 2926 tetiam
472 2876 498 2923 n
519 2874 523 2938 Ι
543 2875 665 2925 exercitu
683 2877 705 2922 A
725 2874 815 2939 Cura:
833 2892 879 2926 om.
897 2877 917 2924 Β
937 2877 953 2924 (l
970 2876 993 2923 V
1010 2877 1055 2937 W3
1079 2881 1106 2925 et

138 2946 193 2995 iam
212 2943 299 2994 omnis
317 2959 428 3008 campus
447 2942 523 3006 Ousp.
550 2941 555 3006 Ι
583 2942 657 2992 diuis
680 2941 748 3004 (dixi
765 2939 800 3006 w)
823 2943 851 2992 in
871 2958 956 2992 cornu
973 2957 1013 3008 sq.
1033 2945 1060 2990 Μ
1092 2940 1103 3008 Η

140 3014 170 3062 11
196 3010 347 3061 iaculorum
370 3011 588 3076 sagittarumque
610 3010 633 3059 A
655 3010 746 3060 Bert..·
777 3010 937 3075 sagittarum
959 3011 980 3058 B
999 3011 1015 3058 c
1033 3012 1055 3058 V
1074 3011 1106 3056 W

140 3077 152 3144 ll
174 3080 205 3130 13
223 3079 327 3128 nomini
344 3078 367 3127 A
382 3076 386 3145 Ι
401 3079 574 3143 imperatoris
593 3091 618 3126 w
629 3074 639 3141 ΙΙ
657 3079 689 3126 16
708 3076 861 3141 relinquam
878 3080 901 3125 A
918 3075 928 3142 ΙΙ
944 3079 978 3128 20
995 3082 1106 3128 uersata

139 3151 183 3196 est
200 3147 226 3194 ll
244 3143 254 3210 ΙΙ
270 3148 303 3196 21
321 3146 419 3198 armati
436 3160 523 3196 ermes
540 3146 563 3195 A
580 3143 589 3210 ΙΙ
606 3147 640 3194 24
657 3144 810 3209 poplitibus
828 3146 873 3195 Fr.
892 3146 1011 3196 Medius:
1030 3145 1106 3210 popli

138 3212 191 3262 tibi
207 3213 230 3262 A
247 3214 343 3280 populi
360 3213 410 3264 tibi
426 3214 447 3261 B
465 3216 481 3263 0
499 3213 519 3262 V
538 3213 675 3264 frontibus
693 3226 718 3261 w
747 3209 757 3278 ΙΙ
787 3213 819 3262 25
838 3213 997 3264 continuare
1014 3213 1106 3264 Bere:

139 3281 277 3331 contineri
293 3280 316 3329 A
335 3282 472 3332 continere
492 3283 509 3329 O
525 3283 558 3329 W
576 3281 712 3332 contineri
727 3281 783 3328 BV
801 3280 962 3346 contingere
983 3281 1106 3332 Gruterus

140 3343 153 3413 Η
182 3349 215 3397 26
233 3348 288 3398 tela
305 3348 421 3398 iaculari
438 3348 577 3400 hominum
593 3352 735 3413 perempte
753 3361 778 3396 w
793 3347 798 3411 Ι
816 3346 871 3398 tele
889 3347 931 3412 ΔΙ
952 3350 1015 3414 equi
1032 3349 1104 3399 Liui-

139 3419 223 3466 neius:
248 3416 295 3480 qui
312 3418 339 3463 n
360 3413 394 3481 (dr
412 3417 441 3466 ui
457 3417 489 3482 V)
509 3417 514 3478 l
533 3413 612 3482 uiua]
632 3417 702 3466 uitia
719 3418 746 3465 Η
764 3416 835 3480 (eia
852 3413 887 3481 A)
912 3414 921 3482 ΙΙ
950 3418 982 3466 28
1000 3415 1105 3466 mutilis

138 3484 158 3534 Β
177 3485 194 3531 c
213 3483 235 3530 V
252 3481 345 3534 Bere:
365 3483 471 3536 inutilis
488 3485 511 3534 A
528 3484 639 3536 inutiles
657 3497 682 3532 w
