2572 3990
446 207 605 259 ΤΒἏΙΑΝΟ
624 209 657 262 D
678 209 752 259 1-3.
971 167 974 173 ι
1059 206 1080 270 3

113 362 194 422 tam
206 356 403 421 senatorium
426 378 522 440 quam
544 355 622 420 illud
645 357 733 420 addit
719 359 787 420 tum
811 356 943 420 anobis
966 359 1023 441 opt
1024 355 1080 420 imi

100 441 316 529 cognomen?
339 441 422 525 quod
444 440 617 538 peculiare
625 440 719 504 huius
742 444 775 504 et
802 442 965 538 proprium
993 462 1079 504 arro·

113 494 226 612 gantia
259 525 402 609 priorum
436 525 617 608 principum
655 525 741 589 fecit.
788 525 951 589 enimuero
984 547 1079 609 quam

114 631 290 689 commune,
315 631 411 693 quam
433 631 471 674 ex
493 630 593 707 aequo
616 611 700 692 quod
721 609 832 674 felices
854 631 924 691 nos,
952 609 1079 674 felicem

112 695 202 758 illum
217 694 438 792 praedicamus
453 694 498 757 alt
484 693 661 790 temisqume
661 697 717 758 uot
718 695 745 758 is
702 692 852 768 t‘haec
873 693 978 778 faciat,
1001 693 1105 758 haea⁵

113 779 234 843 audiat’
236 777 360 862 ‚quasi
378 799 444 842 non
463 778 579 842 dicturi
600 779 663 842 nisi
655 777 791 842 'fecerit
777 745 1078 862 toomprecbmurl

112 864 153 928 ad
176 885 257 948 quas
279 863 334 928 ille
355 884 450 927 uocas
472 862 611 927 lacrimis
643 862 739 926 etiam
768 885 804 928 ac
831 863 932 927 multo
958 863 1079 946 pudore

113 947 318 1012 suffunditur.
357 947 505 1044 agnoscit
520 948 605 1011 enim
629 948 788 1032 sentitque
811 947 881 1031 sibi,
905 968 970 1012 non
992 947 1081 1031 prin

112 1034 163 1115 cip
164 1033 176 1095 i
199 1031 273 1096 diei.

142 1054 236 1181 pIII.
279 1115 345 1200 Igit
331 1119 385 1178 tur
410 1115 494 1199 quod
517 1118 803 1200 temperamentum
831 1136 941 1180 omnes
967 1117 1002 1180 in
1023 1115 1079 1180 illo
1094 1135 1118 1174 10

112 1201 219 1264 subito
185 1139 372 1283 tpietglatis
395 1200 499 1264 calore
521 1221 703 1281 seruamus,
731 1199 792 1264 hoc
814 1201 934 1298 singuli
956 1222 1079 1285 quoque

111 1285 350 1382 meditatiquet
352 1305 502 1348 eneamus
524 1285 722 1381 sciamusque
744 1285 867 1349 nullum
888 1293 956 1349 esse
978 1307 1079 1370 nequa

112 1369 268 1434 sincerius
302 1389 404 1451 neque
440 1368 601 1466 acceptius
635 1390 737 1453 genus
771 1370 950 1454 gratiarum
983 1391 1080 1453 quam

111 1474 173 1538 quo
209 1453 283 1516 illas
316 1453 560 1517 acclamationes
594 1453 789 1520 aemulemur
821 1475 901 1538 quaa
934 1454 1079 1538 fingendi

111 1558 178 1602 non
201 1537 323 1601 habent
349 1541 485 1684 tempus.
523 1540 623 1621 quant
624 1560 677 1601 um
706 1537 746 1600 ad
777 1559 828 1602 me
855 1539 1006 1636 pertinet,
1034 1540 1078 1634 la·
1093 1556 1117 1596 ιι

111 1621 292 1686 borabotut
314 1623 490 1685 orationem
511 1642 614 1684 meam
639 1621 676 1684 ad
706 1621 896 1718 modestiam
923 1622 1078 1706 principis

112 1705 426 1790 moderationemque
448 1705 646 1788 submittam,
667 1726 728 1769 nec
750 1705 856 1769 minus
873 1705 1079 1770 considerabo

111 1791 186 1875 quid
217 1811 309 1854 aures
337 1791 404 1854 eius
432 1790 501 1874 pati
530 1789 655 1885 possint
682 1811 779 1873 quam
807 1789 883 1872 quid
905 1791 1007 1854 uirtut
993 1789 1078 1855 tibus

111 1875 288 1940 debeatur.
310 1895 431 1958 magna
457 1877 490 1938 et
517 1872 672 1938 inusitata
699 1873 855 1958 principis
872 1875 997 1971 gloria,
1029 1877 1079 1939 cui

86 1993 89 1998 ·
111 1959 235 2056 gratias
258 1961 387 2022 acturus
409 1979 475 2022 non
502 1961 566 2022 tam
589 1979 701 2023 uereor
727 1980 769 2023 ne
790 1980 842 2023 me
868 1959 903 2022 in
930 1959 1078 2025 laudibus
1092 1977 1117 2018 ro

111 2043 176 2107 suis
199 2064 332 2126 parcum
354 2063 450 2125 quam
472 2064 514 2106 ne
535 2043 668 2107 nimium
691 2045 792 2128 putet.
769 2042 902 2108 thaec
917 2065 968 2109 me
991 2066 1077 2129 cura,

110 2127 189 2192 haec
205 2127 343 2192 difficult
343 2147 378 2190 as
329 2127 469 2190 tsola
484 2129 683 2197 circumstat:
706 2150 782 2192 nam
796 2129 934 2193 merenti
955 2133 1030 2214 grat
1031 2130 1078 2194 ias

110 2232 207 2296 agere
228 2211 323 2276 facile
345 2214 393 2276 est
393 2215 538 2295 ,patres
567 2211 771 2295 conscripti.
788 2234 852 2277 non
881 2214 967 2278 enim
997 2215 1078 2297 peri-

110 2295 217 2362 culum
240 2298 289 2360 est
302 2317 354 2380 ne,
379 2262 450 2360 dum
472 2296 584 2380 loquar
600 2297 638 2360 de
658 2296 842 2361 humanitat
793 2300 870 2379 ιι
893 2298 1078 2382 exprobrari

110 2381 172 2444 sibi
195 2345 379 2464 superbiam
402 2381 522 2460 credat,
497 2383 617 2444 tcum
631 2379 669 2444 de
691 2381 860 2466 frugalitt
861 2404 887 2462 ι,
909 2383 1077 2466 luxuriam,
1091 2401 1116 2441 ιι

110 2487 182 2528 oum
205 2464 244 2528 de
260 2464 409 2528 clement
385 2467 443 2552 ιιι,
467 2429 699 2547 crddelitatem‚
724 2487 795 2530 cum
811 2465 849 2530 de
871 2465 1067 2532 liberalitate

110 2548 290 2632 auaritiam,
325 2571 396 2613 eum
432 2548 470 2613 de
504 2548 715 2634 benignitate
738 2550 899 2634 fluorem,
930 2572 1001 2616 cum
1038 2489 1077 2616 ded

111 2653 170 2698 oon
173 2599 321 2704 tinentia,
345 2633 522 2714 libidinem,
546 2654 617 2698 cum
631 2633 669 2698 de
685 2634 806 2718 labora,
828 2636 988 2720 inertiam,
1005 2658 1077 2700 cum

109 2718 148 2782 de
170 2717 372 2802 fortitudine,
396 2718 551 2782 timorem.
590 2740 627 2782 ac
649 2739 690 2782 ne
713 2719 790 2783 illud
814 2720 941 2817 quidem
964 2742 1077 2785 uereor

108 2823 150 2866 ne
172 2802 317 2886 gratus'
308 2767 418 2900 rugiat
418 2823 495 2866 usue
517 2801 636 2898 uidear,
659 2806 757 2886 prout
777 2805 856 2868 satis
879 2807 935 2867 aut
963 2825 1076 2887 parum
1089 2802 1128 2865 ι’

109 2887 228 2951 dixero.
272 2887 492 2951 animaduerto
534 2886 621 2950 enim
656 2887 754 2950 etiam
789 2887 906 2974 deos
895 2908 983 2984 ipsos
1010 2909 1077 2954 non

109 2974 175 3034 tam
198 2971 359 3035 accuratis
381 2968 582 3035 adorantium
604 2969 752 3067 precibus
774 2971 870 3054 quam
892 2971 1077 3071 innocentia

110 3058 142 3118 ιι
174 3055 348 3120 sanctitate
385 3054 497 3120 laetari
534 3054 770 3140 gratioremque
810 3056 984 3122 existimari
1022 3058 1075 3157 qui

110 3138 250 3204 delubris
273 3161 381 3204 eorum
402 3162 515 3224 puram
538 3142 722 3223 castamque
744 3143 886 3206 mentem
904 3163 1006 3259 quam
1022 3144 1076 3265 qui

110 3223 299 3288 meditatum
322 3245 451 3289 carmen
472 3224 630 3290 intulerit.
757 3299 855 3325 W
877 3287 907 3318 .-..=
928 3285 936 3322 Ι,
956 3297 975 3326 ‚W
1087 3249 1113 3288 as

176 3398 192 3446 6
210 3395 385 3462 alteriusque
391 3399 409 3455 d
421 3393 472 3463 ΙΙ,6
483 3400 564 3462 acad
569 3382 631 3463 1ιῖ
642 3396 756 3463 pudore
761 3367 851 3463 indite,
869 3397 932 3528 Wdl
945 3364 976 3458 ιι
981 3368 1076 3466 Stelli-

111 3475 159 3525 que
176 3479 224 3517 om.
233 3464 374 3528 Wffldil
384 3477 417 3512 rr
413 3481 514 3539 aurp-r
520 3456 545 3530 ΙΙ
552 3468 671 3530 14⁸.th
677 3469 793 3529 scripsi:
803 3453 890 3531 quod
946 3465 967 3530 ΙΙ
974 3458 1021 3528 ιι
1018 3483 1076 3590 pe-

111 3520 227 3581 maletat
249 3532 323 3597 Orarp.
348 3529 359 3598 ΙΙ
382 3534 415 3583 22
435 3531 614 3584 circumstant
632 3534 649 3580 (1
673 3531 682 3597 ΙΙ
707 3534 741 3583 24
760 3534 912 3597 exprobari
918 3533 1012 3596 W

925 3619 955 3666 l*
