2578 4000
198 162 261 226 226
524 163 558 215 x.
587 159 735 212 narsen
753 160 834 212 aaa.

198 315 276 398 quin
298 312 451 396 opitulari
468 311 528 375 tibi
550 311 645 375 deum
668 310 784 389 eredat,
810 331 880 374 eum
903 309 936 373 id
958 313 990 372 et
1011 307 1080 372 uita
1102 330 1166 372 me-

197 401 305 461 reatur
334 401 366 460 et
387 417 493 460 rerum
515 399 676 480 gestarum
705 393 893 478 magnitudo
914 392 1075 457 testetur?
1113 414 1167 475 pa·

196 504 267 546 rum
292 503 325 546 er
348 481 448 565 igitur
471 481 511 544 ab
534 481 682 544 instituto
705 499 799 544 eursu
820 499 886 542 non
908 477 1036 562 ingrato
1058 477 1167 542 deuer-

197 504 295 630 ticuli)
317 565 510 629 recedamus.
548 565 665 628 tenebo
687 564 773 628 huno
800 562 954 626 orationis
976 560 1108 626 modum
1129 565 1166 624 ut

172 671 259 716 enee
285 649 460 713 inhumane
494 649 532 712 de
559 648 742 732 praeteritis
775 650 865 710 muta
894 646 940 709 sit'
968 667 1028 710 neo
1058 645 1166 709 odiose

198 734 394 800 instantibus
417 732 617 816 obloquatur.
654 737 706 815 tu,
729 732 904 815 imperator
925 731 1061 814 optime,
1084 730 1166 794 inito

198 818 396 902 principatu,
419 816 522 881 adhue
544 817 614 881 aeui
635 819 836 898 immaturus,
859 816 912 880 sed
936 816 999 878 iam
1021 817 1166 878 maturus

198 906 343 986 imperi0,
367 902 535 966 ostendisti
558 923 684 966 cursum
707 901 823 965 aetatis
844 921 911 963 non
934 898 1167 982 expectandum

198 988 234 1050 in
256 986 461 1050 festinatione
486 985 624 1048 uirtutis.
667 989 704 1048 tu
725 985 841 1049 exinde
863 983 949 1048 domi
971 983 1167 1066 militiaeque

161 1091 186 1130 ιο
199 1070 288 1134 iuxta
309 1069 412 1132 bonus
439 1090 598 1152 nusquam
620 1069 755 1153 gradum
783 1067 926 1132 extulisti
947 1069 1025 1151 quin
1050 1067 1167 1150 ubique

199 1159 232 1220 te
254 1153 359 1238 gloria
382 1153 472 1237 quasi
494 1153 606 1217 umbra
635 1153 788 1217 comitata
811 1154 864 1216 sit.
903 1161 939 1215 tu
960 1151 1167 1216 ferocissimis

199 1239 329 1323 regibus
359 1239 510 1302 Ascarioo
539 1242 572 1301 et
598 1238 715 1303 comite
741 1258 798 1301 suo
827 1237 929 1320 eaptis
956 1240 1048 1300 tanta
1063 1235 1167 1300 ¹laude

199 1344 250 1388 res
272 1323 404 1386 bellieas
432 1323 614 1406 auspicatus
638 1344 670 1386 es
698 1331 734 1386 ut
756 1343 827 1386 eam
853 1319 1014 1385 inauditae
1041 1319 1167 1404 magni-

199 1407 320 1472 tudinis
348 1406 491 1471 obsidem
513 1411 703 1472 teneremus.
740 1409 777 1470 ut
797 1405 971 1470 Herculem
991 1404 1100 1468 ferunt
1120 1406 1167 1468 te-

164 1513 314 1556 nnerum
348 1491 452 1556 adhue
486 1495 581 1575 atque
608 1491 781 1555 lactentem
811 1491 888 1554 duos
919 1510 1040 1574 angues
1070 1510 1168 1552 manu

201 1575 338 1658 elisisse,
367 1576 493 1639 utiam
520 1579 557 1642 dn
578 1575 739 1640 infantulo
767 1575 891 1640 indoles
913 1573 1014 1638 futuri
1042 1573 1167 1637 roboris

200 1660 367 1742 emicaret,
392 1659 437 1724 sie
459 1663 510 1738 tu,
533 1661 717 1744 imperator,
742 1659 776 1722 in
797 1659 875 1742 ipsis
897 1658 1023 1741 imperii
1045 1658 1094 1722 tui
1115 1679 1167 1721 eu·

200 1745 344 1826 nebulis,
375 1744 467 1828 quasi
487 1745 631 1829 geminos
660 1745 814 1807 draoones
842 1764 988 1824 neeares,
1018 1763 1076 1824 per
1102 1763 1167 1805 sae-

201 1830 406 1894 nissimorum
428 1850 541 1913 regum
561 1828 685 1892 famosa
707 1827 864 1912 supplicia
887 1827 1028 1891 ludebas

163 1933 188 1974 20
264 1911 370 1977 XVII.
398 1912 519 1977 Franci
536 1913 598 1997 ipsi
613 1917 740 1997 praeter
761 1915 882 1976 eeteros
896 1914 1012 1994 truces,
1035 1931 1166 1994 quorum

201 1997 250 2061 uis
274 2019 345 2061 eum
368 1997 406 2060 ad
429 1997 513 2062 bella
538 1997 759 2061 efferueseeret
780 1996 862 2060 ultra
885 1996 991 2080 ipsum
1013 2015 1167 2059 oceanum

201 2084 289 2144 aestu
311 2080 429 2144 furoris
458 2084 569 2145 euecta
591 2079 824 2164 Hispaniarum
852 2081 950 2144 etiam
978 2101 1048 2143 oras
1072 2078 1167 2142 armis

201 2165 334 2230 infestas
357 2164 512 2246 habebat,
534 2163 568 2227 hi
590 2164 690 2249 igitur
711 2164 770 2228 sub
793 2165 889 2228 armis
911 2164 975 2227 tuis
997 2164 1042 2228 ita
1064 2163 1167 2227 eonoi-

202 2247 318 2311 derunt
333 2251 370 2312 ut
379 2248 477 2312 deleri
488 2248 633 2314 funditus
644 2252 787 2332 possent,
803 2249 867 2314 nisi
878 2248 987 2312 diuino
1000 2247 1165 2328 instinctu,

164 2351 189 2394 aa
203 2353 265 2416 quo
281 2331 379 2418 ‚regis
406 2333 530 2416 omnia,
565 2354 644 2417 quos
672 2333 740 2416 ipse
774 2333 923 2398 effeceras
954 2330 1167 2396 conficiendos

201 2417 268 2481 filio
291 2439 495 2482 reseruasses.
524 2439 715 2502 quamquam
739 2419 779 2482 ad
801 2417 938 2502 gloriam
959 2423 1101 2480 uestram
1122 2415 1167 2478 fe·

204 2502 307 2566 eunde
321 2501 415 2566 melis
432 2502 496 2566 suis
517 2503 606 2566 natio
621 2503 668 2566 ita
689 2503 808 2586 raptim
823 2501 962 2566 adoleuit
976 2501 1167 2583 robusteque

202 2589 344 2650 recreata
365 2590 414 2648 est
439 2590 475 2650 ut
496 2585 670 2650 fortissimo
694 2585 824 2652 Caesari
845 2585 1003 2670 primitias
1025 2583 1187 2669 ingentis.

203 2669 355 2734 uictoriae
382 2670 487 2752 daret,
519 2691 590 2734 eum
617 2671 773 2736 memoria
800 2674 948 2753 aeeeptae
976 2669 1076 2734 eladis
1103 2689 1168 2732 non

164 2774 190 2814 so
203 2755 353 2838 infracta,
376 2753 432 2818 sed
446 2757 593 2838 asperata
607 2760 777 2840 pugnaret.
801 2754 983 2819 differamus
997 2772 1168 2837 parumper

271 3014 286 3061 2
305 3017 425 3062 testatur
441 3011 464 3058 Δ
487 3007 497 3074 ΙΙ
527 3013 542 3061 3
560 3010 724 3060 diuertieulo
743 3011 761 3058 0
779 3023 803 3057 w
827 3007 837 3072 11
861 3009 877 3059 5
898 3008 1058 3072 praeteritis
1077 3006 1168 3058 Mark-

203 3081 296 3129 landnr
313 3095 354 3143 ep.
372 3081 429 3128 erit.
448 3079 483 3128 ad
494 3078 539 3126 Fr.
554 3079 629 3128 Here
647 3095 673 3141 p.
687 3079 753 3126 142:
772 3077 872 3126 ceteris
889 3076 916 3125 1
936 3073 946 3139 ss
970 3079 986 3127 6
1004 3076 1038 3124 de
1056 3076 1168 3124 instant.

203 3148 263 3196 edd.
287 3143 298 3211 u
324 3148 354 3195 12
374 3145 527 3196 astarieoc
551 3142 561 3209 ΙΙ
586 3147 617 3196 13
636 3161 698 3194 eam
715 3144 790 3194 Bert.
809 3145 832 3192 Δ
848 3145 868 3191 Β
887 3143 923 3192 V:
942 3143 996 3192 iam
1014 3144 1047 3191 W
1065 3144 1083 3191 0
1104 3139 1115 3206 ΙΙ
1138 3142 1169 3190 15

203 3212 352 3262 laetantem
370 3215 399 3260 1
421 3210 431 3277 ΙΙ
455 3214 488 3263 16
505 3212 534 3261 in
552 3213 699 3263 Aridelum:
717 3227 764 3263 om.
783 3211 811 3259 11
831 3208 841 3275 ΙΙ
867 3213 897 3260 17
916 3212 1050 3260 emicaret
1067 3223 1104 3258 πε
1123 3209 1169 3258 im·

204 3280 321 3327 minaret
338 3281 365 3328 11
388 3277 398 3343 ΙΙ
422 3282 453 3329 21
474 3279 508 3328 ad
526 3278 601 3330 bellr‘r
619 3281 642 3328 Δ
664 3276 675 3344 ΙΙ
702 3281 735 3328 22
753 3278 979 3343 hispaniorumA
1002 3275 1012 3342 ΙΙ
1035 3275 1168 3328 2311212-

204 3347 275 3396 bant
291 3348 318 3395 Ι
347 3343 357 3410 ΙΙ
386 3349 419 3395 24
442 3347 548 3410 possint
565 3348 589 3394 A
605 3347 626 3396 B
644 3347 700 3396 cv
731 3343 741 3410 ΙΙ
770 3348 803 3396 26
821 3341 950 3412 uestram]
975 3349 1098 3396 nostram
1115 3344 1136 3393 B
1163 3339 1166 3404 l

203 3417 324 3462 uestram
342 3409 456 3477 gloriam
474 3411 575 3478 Boram
596 3416 629 3464 27
648 3413 771 3464 adoleuit
789 3426 825 3462 w:
845 3412 968 3464 aboleuit
985 3412 1012 3461 1
1032 3408 1044 3477 l}
1065 3413 1098 3462 28
1115 3411 1168 3476 pri·

205 3477 309 3543 mitiss]
330 3479 486 3542 prestantes
504 3479 543 3534 W,
