2582 3992
366 201 597 255 eorsranrro
616 202 821 260 causamn.
844 208 919 257 1-3.
1067 205 1127 270 133

159 351 345 415 reslitutae:
367 350 482 415 haereo
504 372 634 435 prorsus
657 355 689 416 ei
709 355 822 438 stupeo
845 356 877 418 ei
889 323 1020 438 praeter
1038 354 1128 420 illam

160 457 199 500 ex
221 435 287 500 otio
316 455 387 498 meo
408 435 593 500 iarditalem
615 441 709 501 tanta
728 459 835 502 rerum
862 438 945 504 mole
968 439 1129 505 deterreor

161 525 195 584 ut
222 519 284 584 hoe
318 540 382 583 uno
416 519 502 584 nitar
528 520 658 586 hortatu
693 521 777 606 quod
806 543 845 586 ex
871 526 1129 608 quantacumque

159 604 283 670 desidia
316 605 463 688 quamuis
498 605 634 668 maxime
669 606 808 670 orationi
836 607 991 691 imparem
1014 629 1129 690 parem

158 690 259 771 facis,
289 687 421 772 Caesar,
449 689 587 772 auditor,
616 691 805 774 praesemim
828 711 900 756 eum
921 692 1050 756 fauente
1072 711 1155 756 nuo

160 774 248 838 mine
270 777 325 838 tuo
348 777 417 857 ipse
438 773 492 838 ille
521 775 584 838 iam
606 775 730 858 pridem
752 775 845 854 mihi,
877 777 931 860 qui
953 797 1003 840 me
1025 777 1061 840 in
1081 777 1129 840 lu-

161 881 231 924 cem
265 859 388 942 primus
423 859 547 939 eduxit,
585 858 765 923 diuinarum
797 859 899 944 patris
928 861 977 925 lui
1006 862 1130 925 aurium

160 944 267 1008 aditus
296 943 448 1008 euenerit.
493 964 555 1026 quo
577 942 705 1008 facilius
729 943 906 1008 maiestatis
928 948 1004 1010 luae
1025 966 1130 1010 reeor-

160 1029 291 1093 datione
319 1027 458 1092 confisus
486 1048 617 1112 possum
644 1027 702 1092 illa
731 1050 811 1112 quae
835 1030 914 1094 luno
942 1026 1028 1094 diota
1052 1034 1131 1100 sunl

160 1112 336 1198 praeterire
359 1115 453 1194 atque
475 1111 562 1177 hune
584 1135 764 1178 sermonem
786 1113 898 1180 abhis
919 1135 998 1198 quae
1020 1115 1130 1179 secula
1144 1134 1170 1176 1o

160 1201 239 1263 sunl
260 1196 420 1262 inchoare.
938 1254 948 1268 ,

226 1281 269 1346 ΙΙ.
312 1278 511 1366 Quamquam
538 1280 639 1345 multa
666 1281 745 1344 mihi
774 1303 812 1348 ex
834 1281 899 1345 illis
921 1303 1045 1366 quoqne
1068 1281 1130 1347 hoe

159 1369 355 1449 intempore
376 1367 556 1430 necessario
571 1365 768 1430 transeunda
783 1369 858 1428 sunt
874 1386 911 1430 ao
927 1367 1130 1450 polissimum

162 1473 201 1516 ea
222 1450 338 1534 quibus
360 1449 467 1514 officio
490 1449 588 1514 delati
610 1449 689 1513 mihi
712 1471 730 1513 a
752 1448 921 1514 diuinitate
946 1453 1053 1514 uestra
1074 1449 1131 1515 ho-

159 1534 251 1600 noris
273 1535 414 1619 interfui,
439 1538 551 1618 euplus
573 1534 696 1598 seilicet
717 1556 772 1598 rex
790 1534 1004 1600 ferocissimae
1026 1535 1168 1600 natio-1⁵

160 1620 214 1686 nis
241 1620 326 1683 inter
347 1619 434 1704 ipsas
463 1639 540 1703 quas
564 1618 756 1682 moliebatur
777 1619 910 1683 insidias
937 1623 970 1684 et
992 1641 1010 1682 a
1031 1622 1131 1703 ponde

161 1702 270 1769 Rheni
297 1725 398 1787 usque
425 1703 464 1767 ad
487 1701 628 1767 Danuuii
650 1703 821 1767 trausi’oum
845 1702 1057 1767 Guntiensem
1079 1703 1131 1766 de-

161 1792 237 1854 usia
272 1791 367 1872 atque
400 1787 555 1852 exhausta
581 1786 708 1870 penitus
735 1786 951 1852 Alamannia:
993 1809 1070 1850 nam
1099 1790 1132 1851 et
1215 1818 1217 1822 >

161 1874 286 1940 maiora
308 1876 384 1938 suni
411 1894 505 1957 quam
528 1873 564 1936 ul
586 1872 728 1936 enarrari
752 1872 837 1936 inter
858 1871 921 1935 alia
942 1871 1067 1968 possint
1089 1873 1131 1956 et,

161 1979 205 2023 ne
233 1959 312 2022 meis
340 1979 464 2042 quoque
494 1957 662 2041 stipendiis
692 1956 801 2021 uidear
828 1955 977 2053 glorian,
1010 1955 1170 2020 sufflata

163 2043 381 2107 eonscientiae
395 2059 484 2106 meae
499 2042 556 2105 illa
571 2040 698 2109 uidisse.
725 2039 778 2105 det
792 2041 891 2126 igriur
905 2040 994 2123 milri,
1015 2040 1133 2106 Caesar

163 2127 296 2209 inuicte,
319 2127 491 2190 hodiernae
506 2126 734 2210 gratulalionis
752 2125 917 2190 exordium
932 2125 1062 2188 diuinus
1075 2122 1132 2188 ille

163 2214 290 2276 uestrae
322 2211 499 2274 maiestatis
533 2213 621 2273 ortus
653 2209 724 2294 ipso
757 2231 819 2294 quo
852 2209 958 2274 illuxit
990 2209 1132 2292 auspicio

163 2296 250 2360 ueris
265 2295 430 2376 illustrior,
454 2295 505 2359 eui
520 2293 588 2357 dies
608 2315 738 2358 serenus
753 2298 859 2377 atque,
882 2297 919 2357 ui
934 2293 1131 2358 celebrantes

164 2381 339 2461 sensimus,
369 2379 454 2442 ultra
480 2377 638 2442 rationem
665 2379 819 2461 temporis
847 2378 895 2441 sol
917 2378 1058 2442 aestiuus
1083 2377 1131 2440 in·
1145 2393 1170 2434 aa

165 2465 274 2546 ualuit,
298 2464 483 2547 augustiore
498 2461 627 2547 fulgens
642 2462 771 2526 luminis
787 2461 933 2526 claritate
948 2483 1044 2545 quam
1059 2482 1133 2526 eum

165 2549 324 2634 originem
350 2547 461 2612 mundi
486 2547 648 2612 nascentis
677 2545 847 2630 animaui'o,
876 2545 1032 2631 siquidem
1054 2548 1132 2610 lune

165 2635 251 2698 inter
272 2632 329 2698 illa
350 2652 457 2698 rerum
479 2633 590 2697 tenera
611 2631 784 2716 primordia
811 2630 995 2696 moderatus
1019 2629 1133 2694 dieitur

165 2740 208 2782 ne
230 2720 361 2782 noeere'o
378 2716 551 2798 ardentior,
573 2737 659 2780 nune
683 2719 819 2794 ceriasse
842 2715 1044 2780 crediturne
1066 2725 1133 2778 ma·

165 2804 280 2867 iesiaie
302 2803 411 2866 uestra
432 2801 594 2864 uideretur
614 2800 785 2864 obscurior.
1144 2813 1170 2856 eo

231 2885 290 2950 ΙΙΙ.
317 2885 345 2950 Ο
367 2886 444 2950 felix
459 2885 649 2967 beatumque
671 2904 728 2946 uer
748 2903 834 2947 nouo
852 2884 957 2965 partu,
979 2881 1043 2944 iam
1065 2899 1133 2944 non

166 2970 364 3036 amoenitate
378 2970 492 3034 florum
506 2989 567 3032 nee
582 2967 745 3032 uiridilate
763 2970 909 3052 segetum
924 2985 984 3030 neo
998 2963 1133 3051 gemmis

236 3189 253 3243 ἓ
266 3191 409 3242 deterreor
420 3190 497 3242 AW:
518 3189 628 3241 deteror
639 3191 660 3238 B
671 3191 689 3237 0
697 3188 720 3237 V
732 3186 742 3255 11
754 3191 770 3239 3
788 3186 830 3254 ul]
850 3189 904 3238 nisi
915 3187 973 3239 edd.
987 3185 996 3252 l
1008 3188 1025 3237 4
1044 3201 1135 3252 quem-

167 3261 214 3311 uis
230 3273 255 3308 w
281 3257 287 3322 1
313 3261 446 3324 imparem
464 3271 559 3324 parem
577 3257 649 3306 faeie
667 3258 812 3307 Liuineius:
834 3257 968 3324 ,imparem
987 3255 1056 3306 fauit
1072 3249 1100 3304 1
1128 3253 1141 3314 1,

167 3329 184 3377 7
203 3327 367 3378 diuieiarum
383 3325 406 3375 Δ
424 3325 584 3376 dinitiarum
603 3327 621 3373 0
637 3321 683 3392 119
701 3325 804 3389 possim
820 3310 861 3386 lt,
878 3339 948 3376 corr.
967 3321 1100 3373 Acidaliae
1128 3317 1132 3386 1

169 3395 201 3446 17
222 3395 401 3445 (lundensem
413 3391 563 3444 Rhenanus:
583 3393 752 3443 cauriensem
768 3391 795 3440 H
808 3389 883 3442 Bere.
900 3387 904 3456 Ι
921 3389 1037 3442 denasta
1055 3390 1073 3439 0
1090 3388 1134 3446 de·

167 3467 281 3512 uastata
299 3463 357 3513 edd.
370 3457 380 3524 l
395 3463 425 3512 18
444 3459 616 3510 alamaniaB
630 3459 647 3507 0
665 3459 805 3510 Mamania
817 3457 840 3508 V
851 3456 862 3526 11
874 3460 905 3508 21
926 3457 973 3510 det
985 3457 1134 3509 Acidaliae:

167 3529 201 3579 de
219 3534 247 3581 te
264 3528 291 3577 H
308 3527 318 3595 11
335 3531 368 3579 29
387 3527 511 3579 creditur
528 3528 551 3575 A
562 3526 595 3575 W
605 3526 694 3578 Bere:
713 3527 813 3579 dieitur
829 3528 850 3577 B
868 3529 886 3575 0
904 3525 927 3576 V
