2582 3992
196 221 200 230 ·
309 193 519 246 MAXIMIANO
538 193 710 247 AUGUSTO
729 195 763 246 D.
798 198 890 247 8-11.
1044 194 1085 259 97

115 345 152 408 01
171 343 321 406 iustiores
350 341 435 425 quod
462 342 534 407 illos
561 346 663 407 mater
690 347 763 408 astu
785 344 907 430 coegit,
937 366 1009 410 cum
1032 365 1086 410 110-

117 427 200 492 mini
226 427 382 490 fateretur
411 449 506 510 quem
533 427 622 512 prius
644 427 796 493 edidisset
817 429 852 493 in
874 429 987 512 lucem,
1016 430 1086 513 pari

115 511 236 576 aetatis
262 511 453 576 aucturitste
479 532 632 596 regnare:
665 533 722 576 uos
744 512 804 578 hoc
833 516 948 597 sponte
969 515 1086 598 facitis,

117 617 199 746 ἓξὲξ
219 595 255 660 in
277 596 410 744 spmmis
437 596 532 660 rebus
560 597 711 680 aequauit
738 619 803 662 11011
830 598 978 662 cultuum
999 599 1087 663 simi·

200 701 232 764 0,
254 701 288 744 se
332 701 465 744 morum.
1097 701 1110 742 s

174 763 215 830 X.
238 765 392 829 Attamen
415 764 499 848 11100,
529 765 557 829 01
585 766 756 830 discrimen
785 767 834 830 sui
862 767 945 831 scire
965 767 1087 850 patuis·

117 853 203 930 sent,
231 850 338 914 minus
360 849 475 913 mirum
504 849 619 914 fuisset
646 851 795 936 exiguam
823 851 884 916 sibi
912 852 1087 916 communi-

118 953 209 998 casse
230 933 408 1019 regionem,
430 955 525 1017 qnam
547 955 642 1018 saepe
664 957 728 999 uno
750 936 802 1000 die
823 936 962 1021 impiger
983 937 1089 1000 uiatcr

118 1039 267 1082 emensus
295 1022 353 1082 est.
388 1039 447 1082 uos
474 1040 567 1102 uero,
602 1020 656 1103 qui
684 1021 853 1104 imperium
880 1041 946 1085 11011
970 1024 1088 1104 terrae,

116 1103 174 1167 sed
196 1102 277 1167 caeli
298 1103 484 1188 regionibus
506 1105 697 1188 terminatis,
719 1108 843 1170 tantam
865 1107 941 1189 uim,
963 1108 1088 1170 tantam
1102 1125 1127 1165 10

117 1189 312 1284 patestatem
340 1191 451 1252 mutuo
479 1189 572 1253 uobis
599 1189 765 1273 impartire
793 1190 923 1254 diuinae
944 1189 1088 1274 proiecto

118 1271 370 1355 immortalisque
392 1271 528 1338 fiducias
550 1276 607 1357 est,
630 1295 724 1358 quam
741 1274 898 1359 cupiditas
913 1275 1003 1339 nulla
1017 1296 1089 1358 per·

117 1357 238 1422 turbet.
269 1359 433 1422 ettamen
454 1358 554 1440 uides,
576 1359 760 1442 imperator,
783 1379 849 1422 non
869 1359 1015 1424 inuenire
1038 1380 1089 1424 me

117 1441 268 1506 exomni
288 1441 482 1525 antiquitate
502 1442 587 1526 quod
604 1463 785 1527 comparem
807 1443 908 1526 uubis,
930 1443 994 1508 nisi
1008 1439 1089 1508 Her-

118 1525 230 1590 culeae
251 1525 359 1610 gentis
383 1526 572 1610 exemplum.
607 1549 682 1592 nam
710 1527 765 1591 ille
793 1527 920 1611 quidem
948 1548 1087 1612 magnus
1103 1547 1127 1588 15

118 1610 304 1674 Alexander
332 1610 398 1674 iam
424 1611 504 1675 mihi
531 1612 662 1676 humilis
689 1613 817 1676 uidetur
838 1611 919 1677 Inde
941 1614 1010 1697 regi
1033 1634 1091 1678 sua
1126 1651 1129 1656 ·

117 1715 220 1779 regna
247 1693 423 1778 reddend0,
452 1717 525 1760 cum
552 1700 621 1760 tam
648 1697 742 1761 multi
764 1717 873 1782 reges,
904 1697 1089 1780 imperator,

118 1779 219 1842 uestri
249 1777 382 1844 clientes
410 1779 490 1858 sint,
522 1801 594 1844 eum
623 1802 680 1864 per
706 1784 740 1845 te
767 1801 904 1864 regnum
933 1781 1090 1864 receperit

119 1861 358 1928 Gennoboudes
378 1885 400 1926 a
421 1867 515 1949 teque
540 1866 682 1930 cominus
705 1866 874 1950 acceperit.
905 1865 981 1949 quid
1004 1865 1091 1930 enim

119 1946 174 2012 ille
197 1948 283 2012 aliud
306 1949 462 2032 expetiuit
488 1950 529 2012 ad
556 1955 764 2034 conspectum
791 1955 880 2015 taum
907 1971 980 2016 cum
1002 1950 1090 2014 0111111
1103 1970 1128 2010 ae

117 2053 177 2096 sua
204 2035 302 2117 gente
330 2034 504 2116 ueniendo,
538 2034 602 2098 nisi
637 2037 674 2099 ut
701 2040 780 2099 tune
807 2035 935 2099 demum
961 2035 1091 2118 integra

118 2117 311 2182 auctoritate
334 2121 493 2203 regnaret,
517 2139 588 2182 eum
610 2122 653 2202 te,
676 2119 880 2198 Maximiene,
904 2119 1090 2203 placasset?

117 2201 261 2265 ostendit
274 2203 329 2266 ille
349 2205 383 2266 te
405 2202 591 2286 identidem,
615 2207 652 2267 ut
673 2204 778 2288 audio,
801 2204 1009 2288 popularibus
1025 2206 1090 2268 suis

117 2288 152 2349 et
177 2287 297 2350 intueri
324 2285 379 2365 diu
406 2287 500 2352 iussit
529 2290 562 2352 et
593 2288 744 2372 obsequia
771 2287 902 2373 discere,
930 2310 1002 2353 cum
1030 2288 1091 2353 tibi

116 2370 187 2454 ipse
214 2371 358 2436 sarciret.
396 2371 458 2435 hec
486 2372 598 2436 eedem
624 2374 719 2437 modo
747 2392 804 2436 101
832 2373 886 2437 1110
908 2373 1089 2451 Persarum,
1104 2391 1129 2432 as

117 2475 295 2539 numquam
316 2475 349 2520 se
371 2459 446 2520 ante
467 2456 619 2541 dignatus
640 2457 804 2521 hominem
820 2457 976 2541 confiteri,
998 2458 1091 2521 fratri

116 2542 173 2603 tuo
205 2540 364 2624 supplicat
395 2544 577 2626 totumque,
617 2542 644 2606 si
680 2542 807 2628 ingredi
839 2540 907 2606 ille.
928 2541 1090 2626 dignetur,

116 2645 255 2722 regnum
277 2644 370 2688 suum
392 2625 515 2709 pandit.
547 2627 641 2692 offert
662 2627 793 2692 interim
814 2627 906 2691 uaria
929 2626 1091 2708 miracula,

116 2709 254 2773 eximiae
276 2709 500 2792 pulcritudinis
528 2711 611 2775 feras
642 2711 760 2794 mittit,
790 2712 950 2776 amicitiae
972 2731 1092 2776 nomen

115 2792 290 2878 impetrare
312 2815 377 2859 aaa
399 2798 570 2860 contentus
616 2799 792 2860 romeretur
815 2795 978 2878 obsequio,
1104 2813 1130 2853 ee

174 2877 233 2942 XI.
256 2877 373 2943 Uestra
392 2879 454 2943 hoc
476 2819 644 2944 concordia
664 2879 752 2962 facit,
774 2878 981 2943 inuictissimi
1003 2878 1091 2975 prin·

115 2961 222 3046 cipes,
247 2966 284 3026 ut
305 2963 397 3028 uobis
423 2966 515 3028 tanta
544 2963 739 3047 aequalitate
767 2983 972 3028 successuum
995 2964 1092 3026 etiam

185 3118 333 3169 6011011101
354 3119 428 3182 Cusp.
450 3114 460 3183 ΙΙ
486 3120 517 3168 17
535 3117 716 3182 imperatores
733 3118 822 3168 uestri
839 3118 876 3180 rt,
895 3118 1004 3168 carreni
1027 3114 1037 3182 ll
1063 3118 1097 3168 18,

114 3181 223 3250 recep]
249 3199 359 3250 suscep.
381 3185 456 3236 Bert.
488 3183 499 3249 ΙΙ
535 3187 566 3236 19
590 3184 796 3236 Gennoboudes
820 3201 837 3234 a
860 3189 945 3249 teque
968 3187 1094 3235 cominus

114 3253 226 3315 scripsit
245 3253 408 3316 gennohcud
420 3253 517 3304 csateh
535 3252 695 3317 (gennebau
709 3252 825 3304 dasateh
836 3253 859 3301 Δ
869 3253 901 3301 W
914 3252 1048 3303 exathelh
1062 3249 1093 3316 B)

115 3333 182 3370 nero
201 3334 299 3370 munus
315 3321 352 3371 1.
381 3320 567 3372 Gennobonde
586 3321 667 3371 sarri
684 3320 759 3371 Bere.
785 3319 988 3370 Gennoboudes
1007 3324 1094 3386 atque
1151 3371 1153 3376 ,

115 3385 156 3450 (01
175 3391 234 3437 ate
248 3385 433 3453 Buechelerus)
452 3389 601 3438 comminus
614 3389 651 3441 H.
664 3388 784 3438 1111011100
798 3391 814 3439 l.
830 3391 846 3439 1.
859 3405 886 3452 p.
901 3389 934 3436 17
950 3385 959 3453 ΙΙ
978 3390 1012 3440 20
1030 3403 1094 3438 con·

115 3458 242 3519 spectum
254 3459 338 3506 tuum
355 3469 393 3504 w:
413 3460 591 3519 conspectum
607 3453 657 3521 1111
670 3459 702 3507 27
721 3453 757 3522 si]
777 3456 831 3506 sibi
849 3456 872 3505 Α
891 3471 921 3506 se
935 3457 952 3505 0
964 3453 974 3520 ll
987 3458 1020 3506 30
1037 3469 1096 3506 non

114 3523 209 3572 addidi
229 3519 239 3586 ll
260 3523 293 3572 32
312 3524 342 3573 in
360 3527 441 3574 tante
461 3523 536 3588 Ousp.
556 3523 561 3590 Ι
582 3517 760 3576 000000011001
777 3537 814 3574 sr:
834 3537 993 3576 successum
1009 3522 1037 3568 Ι

163 3603 252 3644 Parra.
265 3612 319 3646 nar.
929 3623 945 3674 p
