2582 3992
294 195 506 248 urxrurrno
525 195 694 248 incusso
712 197 745 248 o.
782 201 857 251 a-c.
1017 195 1058 262 93

84 367 202 412 uersae
218 343 342 410 Galliae
362 345 563 410 minarentur
576 366 680 430 neque
695 345 797 410 solum
812 344 1059 433 Burgundiones

84 435 121 497 et
140 431 328 512 Alamanni,
351 430 407 493 sed
429 430 526 494 etiam
548 428 726 497 Chaibones
748 429 913 516 Eruliquc,
936 431 1058 496 uiribus

109 515 184 580 rimi
205 515 428 598 barbarorum,
451 514 530 580 locis
552 514 667 597 ultimi,
712 514 858 598 raecipiti
879 515 1002 600 impetu
1023 517 1060 582 in

84 540 146 666 bas
169 600 353 684 prouincias
375 599 554 684 irruissent,
582 599 654 684 quis
697 621 753 664 eus
773 603 842 665 tam
863 600 1060 685 insperatam

86 685 227 752 salutem
248 682 342 750 nobis
365 684 536 768 attulisset,
567 685 630 748 nisi
656 687 692 748 tu
715 684 887 750 affuisses?
915 688 951 750 tu
973 686 1085 757 enims

87 771 218 836 diuinae
233 767 466 854 prouidentiae,
487 769 672 854 imperator,
695 769 829 835 consilio
855 771 944 854 prius
964 791 1060 855 quem

86 857 123 920 ui
136 854 258 920 bellmn
279 853 455 940 gerendum
474 857 563 919 ratus
585 857 705 920 ceteros
727 855 854 938 quidem
869 854 1058 939 perduelles,
1115 930 1118 935 ,

85 941 205 1026 quibus
220 940 293 1023 ipsa
307 938 478 1004 multitudo
492 939 646 1024 pestifera
663 942 741 1024 erat,
765 940 811 1005 ire
833 961 946 1024 passus
969 961 1002 1004 es
1024 940 1060 1006 in

86 1023 282 1110 profundam
310 1023 428 1088 famem
451 1027 544 1088 etex
570 1024 654 1090 fame
676 1026 712 1090 irc
733 1024 961 1108 pestilentiam,
985 1045 1059 1090 mox

89 1111 135 1175 od
159 1109 258 1174 trium
281 1107 315 1172 hi
343 1112 532 1175 ornamenta
560 1109 716 1193 capienda
742 1109 881 1175 militum
909 1110 1060 1175 manibus
1073 1139 1098 1179 ιο

88 1215 220 1276 usurus,
250 1131 433 1258 bbeibonas
466 1196 576 1259 tamen
602 1193 779 1280 Erulosquc
811 1215 878 1260 non
910 1195 1060 1280 dignatus

89 1279 160 1364 pari
171 1283 244 1343 astu
253 1277 387 1363 perdere
399 1281 496 1362 atque
508 1279 1060 1344 utinterimdiuinauirtustuaexer·

90 1363 244 1428 citatione
266 1362 361 1427 solita
383 1384 451 1427 non
473 1367 596 1429 careret
618 1367 729 1448 aperto
749 1363 853 1429 Marte
880 1367 974 1448 atque
995 1384 1059 1428 uno

88 1450 215 1532 impetu
235 1447 412 1532 perculisti,
435 1470 500 1513 non
520 1449 671 1513 uniuerso
690 1449 731 1513 ad
751 1449 785 1512 id
806 1448 962 1532 proelium
982 1469 1059 1514 usus

91 1533 235 1598 exercitu
269 1531 325 1597 sed
340 1533 452 1617 paucis
467 1532 660 1599 cohortibus.
691 1533 768 1618 quid
788 1533 875 1599 enim
896 1554 975 1618 opus
990 1535 1060 1598 erat
1074 1562 1099 1604 ω

90 1581 311 1700 multituiine,
335 1639 408 1683 cum
430 1618 499 1702 ipse
520 1639 693 1703 pugnares,
715 1617 784 1702 ipse
807 1617 957 1684 omnibus
980 1618 1059 1683 locis

89 1705 222 1787 totaque
244 1702 313 1768 acie
334 1702 525 1768 dimicares?
553 1703 623 1787 ipae
648 1701 737 1767 hosti
761 1702 914 1787 undiquc,
944 1705 977 1767 et
998 1723 1061 1786 qua

89 1789 254 1853 resisteret
281 1790 314 1852 et
342 1809 405 1871 qua
433 1788 560 1853 cederet
587 1791 620 1852 et
647 1808 710 1871 qua
740 1786 869 1872 fugeret
900 1807 1059 1870 occasum,

90 1893 274 1954 occurreres
307 1893 509 1956 erroremque
547 1871 737 1936 aduersariis
773 1871 894 1956 pariter
927 1893 965 1936 co
996 1871 1061 1936 tuis

88 1956 236 2024 faceres?
264 1978 336 2021 cum
357 1959 391 2022 te
413 1979 516 2041 neque
544 1957 675 2022 barbari
702 1979 802 2022 unum
829 1959 981 2041 putarent
1005 1977 1060 2021 ne·
1073 1985 1099 2025 ac

89 2063 153 2126 quc
174 2040 303 2124 milites,
326 2063 393 2106 non
414 2042 485 2107 dico
505 2041 680 2126 stipatione
700 2045 796 2126 atquc
816 2041 982 2123 comitatu,
1005 2040 1061 2105 sed

89 2126 201 2192 saltim
221 2126 321 2192 oculis
344 2127 433 2210 sequi
454 2126 608 2211 possent?
628 2130 696 2193 toto
712 2129 830 2213 quippe
843 2125 965 2276 proelio
980 2126 1060 2190 fere-

92 2213 181 2295 bare,
203 2231 272 2276 non
293 2210 387 2276 aliter
409 2233 504 2296 quarn
531 2232 668 2298 magnus
690 2213 793 2276 amnia
816 2233 851 2276 so
865 2215 897 2277 et
918 2211 1061 2277 hibernis

92 2295 250 2362 imbribus
273 2298 387 2361 auctus
409 2299 441 2360 et
463 2296 592 2362 niuibus
621 2297 744 2381 passim
770 2296 868 2361 fluere
891 2318 954 2381 qua
977 2318 1061 2362 carn-

89 2403 151 2466 pus
175 2384 233 2446 est.
263 2380 310 2444 ita
330 2380 439 2446 cuncti
461 2381 642 2447 Ohaibones
664 2381 820 2465 Erulique
841 2381 948 2446 cuncti
969 2384 1062 2448 tanta
1074 2408 1100 2450 aa

89 2465 313 2530 internecione
346 2466 431 2546 caesi
463 2465 688 2551 interfectique
723 2470 801 2532 sunt
832 2469 869 2531 ut
900 2466 1060 2532 extinctos

90 2571 145 2615 eos
167 2549 290 2615 relictis
312 2550 399 2616 domi
419 2551 608 2636 coningibus
628 2573 666 2616 ac
685 2551 842 2618 matribus
864 2571 932 2616 non
952 2550 1061 2635 profu·

88 2656 153 2784 tgns
175 2633 292 2783 {aliquis
316 2657 333 2700 e
353 2635 485 2721 proelio,
509 2637 564 2701 sed
585 2635 740 2703 uictoriae
761 2639 835 2702 tuae
856 2636 960 2723 gloria
981 2658 1061 2702 nun-
1127 2653 1130 2660 ⁴

105 2741 198 2784 rare.

149 2802 208 2869 VI.
225 2803 368 2870 Transeo
383 2805 633 2870 innumerabiles
648 2809 720 2871 tuas
734 2809 803 2871 tota
815 2803 921 2870 Gallia
935 2825 1061 2890 pugnas
1074 2839 1100 2880 ω

161 2994 219 3044 lui
245 2995 305 3044 inc
383 3009 419 3046 cr.
440 2995 659 3045 curantium
715 2995 732 3046 8
770 2993 850 3044 uibus
886 2993 1010 3044 arcbati
1031 3007 1062 3043 sa

220 2990 235 3074 J,
331 2991 395 3076 ta,
682 2992 768 3076 lc
858 3007 1029 3076 ‚r,p

92 3058 898 3195 {clitelliscultibiliblitttffitt‘t
914 3061 1062 3180 iisset:

93 3193 268 3262 alicime
286 3196 424 3263 pastilli
442 3214 512 3253 corr.
530 3198 605 3263 θυεμ
632 3195 643 3263 ss
665 3213 728 3249 mcx
746 3196 783 3247 ad
801 3211 839 3246 w:
857 3195 963 3248 morli
991 3193 1001 3262 fl
1031 3198 1062 3247 12

94 3267 180 3329 atque
199 3266 337 3316 deleverim
366 3263 376 3331 ΙΙ
406 3268 438 3318 17
459 3267 520 3332 ipse
544 3267 690 3318 Liuineius:
717 3265 772 3331 ipsi
794 3265 822 3316 1
845 3262 856 3330 l
885 3266 916 3316 18
934 3279 1063 3316 occasum

91 3331 130 3384 Η.
149 3331 272 3383 Racilius
290 3335 305 3384 t.
324 3336 340 3384 l.
360 3351 389 3398 p.
410 3337 458 3383 11:
481 3349 616 3386 cecanum
633 3334 710 3390 Bert.
728 3349 774 3385 om.
792 3333 819 3382 H
839 3333 916 3397 emp.
945 3329 956 3398 l
983 3334 1017 3384 20
1034 3339 1063 3385 tc

91 3413 184 3464 neque
202 3413 231 3449 r:
251 3415 340 3467 nequa
359 3405 387 3452 te
405 3399 499 3467 121121
519 3418 574 3452 non
592 3403 697 3454 dico-
715 3402 748 3452 22
766 3404 881 3468 possent
900 3417 947 3452 om.
965 3402 988 3450 Δ
1004 3398 1013 3467 ii
1030 3403 1063 3451 22

92 3465 166 3533 toto]
186 3470 301 3518 tantot
323 3467 333 3534 ΙΙ
354 3471 388 3520 26
405 3470 623 3522 internicione!
643 3467 653 3536 fl
673 3473 736 3524 aea
754 3469 905 3537 praelicw
924 3466 928 3533 i
948 3467 1064 3536 gloriam

91 3535 116 3583 Δ
135 3533 148 3600 Η
168 3537 202 3586 30
221 3541 270 3586 tua
288 3536 315 3585 H
334 3536 338 3601 1
359 3535 453 3588 Gallia
471 3539 545 3592 ediis
564 3537 654 3604 gioria
671 3538 699 3589 1
