2572 3990
208 161 255 264 ad
534 198 557 250 1.
588 195 618 246 e
636 196 754 248 aaran
770 195 869 249 ann..
972 159 973 164 ’

209 353 245 414 ut
263 334 425 432 appareat·
441 369 515 412 non·
529 345 681 430 snperbia
691 346 733 408 et
753 340 883 408 fastidio
909 347 952 408 te·
965 344 1180 429 amplissimos

209 434 346 498 honores
368 431 545 516 repudiare,
568 430 623 514 qui
642 429 785 493 minores
807 449 875 492 non
887 428 1083 514 dedigneris.
1107 432 1174 514 pul-

210 519 294 583 orius
319 518 392 600 hoe,
422 515 549 598 Caesar,
578 536 675 598 quam
703 513 918 578 siracusanae
945 535 1072 579 omnes:
1090 537 1175 578 nam

207 624 355 683 recusare
376 623 486 666 omnes
502 598 702 681 ambitionis,
724 597 953 662 moderationis
983 602 1038 665 est
1059 599 1178 684 eligere
1275 607 1276 644 i

183 687 437 772 aperuissimos.¹
461 705 524 768 quo
546 685 799 766 temperamento
823 685 855 746 et
875 682 969 747 nobis
991 685 1025 747 et
1050 687 1177 749 aerario

210 773 359 838 consulis:
381 771 471 835 aubis
493 768 722 850 qatdaaoaod
742 769 829 831 omui
850 768 966 832 literas
986 770 1175 850 suspicione

210 856 331 920 aerario
354 857 459 919 autem
482 853 568 936 quod
586 852 770 935 'sumptibus
795 852 863 916 eius
885 851 1017 916 adhibes
1039 853 1177 936 modum,

209 939 321 1023 utqui
345 939 535 1002 exhaustum
554 958 621 1002 non
643 938 686 1000 sis
708 937 932 1000 innocentium
958 937 1052 1000 honis
1075 939 1176 1020 reple·

209 1029 311 1088 turus.
360 1025 449 1088 stant
474 1022 575 1106 igitur
608 1020 732 1105 effigies
763 1024 860 1104 tuae,¹
881 1021 989 1104 quales
1006 1043 1008 1048 ’
1023 1021 1101 1084 olim
1123 1023 1176 1096 ‘ob

173 1129 199 1168 10
212 1108 341 1194 egregia
371 1108 406 1171 in
434 1128 502 1170 rem
529 1105 691 1190 publicam
706 1105 836 1169 merita
863 1105 998 1188 priuatis
1029 1105 1177 1170 dicaban-
1275 1165 1276 1200 i

209 1197 271 1258 tur.
302 1193 449 1256 uisuntur
472 1192 587 1255 eadem
604 1212 621 1254 e
641 1191 778 1254 materia
801 1188 946 1256 Caesaris
969 1193 1178 1274 statuaeque
1275 1205 1276 1228 ³

209 1277 393 1357 Brutorum,
428 1297 491 1360 qua
508 1304 509 1312 ¹
525 1274 740 1342 Camillorum.
790 1295 850 1338 neo
876 1275 1041 1358 <discrepat
1073 1295 1176 1338 causa.

209 1362 257 1426 illi
280 1362 365 1426 enim
386 1382 479 1446 reges
500 1360 687 1444 hostemque
709 1360 864 1423 uictorem
891 1360 1061 1424 moenibus
1083 1359 1177 1442 depu-

210 1447 332 1510 lerunt:
359 1446 413 1509 hio
440 1453 580 1529 regnum
604 1445 719 1527 ipsum,
743 1465 885 1528 quaeque
900 1443 979 1506 alia
997 1444 1178 1527 captiuitas

172 1547 197 1588 15
211 1531 332 1615 gignit,
359 1533 447 1594 arcet
468 1552 505 1594 ac
527 1529 695 1593 submonet
707 1565 709 1572 ν
722 1528 890 1611 sedemque
913 1529 1041 1592 obtinet
1061 1528 1178 1611 prinoi-

209 1616 261 1700 pis
282 1637 323 1678 ne
345 1615 387 1678 sit
408 1614 537 1679 domino
552 1615 651 1680 locus
679 1635 716 1676 ac
730 1612 810 1676 mihi
831 1613 971 1676 intuenti
987 1612 1178 1698 sapientiam

210 1702 300 1763 tuam
321 1701 428 1764 minus
449 1702 566 1762 mirum
587 1698 714 1763 uidetur
736 1697 820 1780 quod
841 1696 992 1761 mortales
1020 1698 1099 1761 istos
1128 1717 1178 1761 oa-

210 1784 372 1868 ducosque
398 1783 512 1848 titulos
546 1785 602 1846 aut
628 1780 807 1864 depreceris
837 1784 892 1844 aut
919 1783 1086 1865 temporeo.
1114 1782 1177 1846 scis

211 1869 297 1933 enim
318 1868 374 1932 ubi
396 1889 472 1930 uera
494 1866 659 1950 principis,
688 1865 743 1928 ubi
773 1864 971 1948 sempiterna·
994 1866 1037 1930 sit
1064 1866 1179 1951 gloria.

173 1971 197 2010 eo
211 1951 246 2016 hi
268 1953 385 2016 sinceri
406 1951 542 2014 honores
565 1950 600 2012 in
622 1971 700 2033 qnos
720 1947 803 2012 nihil
817 1949 962 2033 flammis,
985 1950 1067 2014 nihil
1090 1971 1179 2014 sene·

211 2037 302 2118 etuti,
318 2035 401 2099 nihil
414 2033 649 2100 successoribus
661 2034 766 2097 liceat.
786 2055 878 2098 arcus
894 2034 980 2098 enim
997 2039 1029 2098 et
1043 2037 1178 2117 statuas,

211 2141 282 2184 aras
306 2120 403 2183 etiam
425 2119 607 2202 templaque
629 2118 800 2182 demolitur
819 2122 852 2184 et
873 2119 1022 2183 obscurat
1050 2119 1178 2199 obliuio,
1275 2163 1276 2170 κ

210 2203 356 2288 neglegit
371 2203 537 2286 carpitque
548 2203 746 2285 posteritas:
770 2207 882 2268 eontra
897 2206 1180 2287 contemptorem·
1275 2187 1276 2248 i

212 2288 344 2352 bitionis
374 2290 406 2351 et
433 2287 579 2350 infinitae
605 2289 775 2370 potestatis
802 2289 939 2352 domitor
968 2309 1006 2352 ac
1028 2289 1181 2352 ‘frenator

174 2373 337 2436 uenimus
365 2373 436 2455 ipsa
463 2374 625 2436 uetustate
651 2372 792 2437 florescit
818 2393 878 2436 neo
906 2372 947 2435 ab
974 2373 1048 2437 ullis
1076 2373 1180 2457 magis

212 2457 362 2538 laudatur
377 2477 472 2539 quam
487 2457 601 2539 quibus
623 2457 755 2522 minime
777 2477 906 2520 neeesse
929 2459 987 2520 est.
1020 2477 1088 2521 non
1103 2477 1181 2541 ergo

213 2543 366 2625 perpetua
387 2540 527 2624 principi
546 2541 633 2604 fama
654 2541 860 2627 quae‘inuita
881 2561 954 2604 eum
976 2546 1101 2626 manet,
1125 2541 1182 2605 sed

212 2627 298 2689 bona
329 2624 584 2708 concupiscenda
606 2629 670 2690 est:
696 2647 739 2689 ea
766 2644 860 2707 porro
888 2644 954 2687 non
982 2626 1182 2709 imaginibus

213 2713 245 2774 et
273 2709 397 2787 statuis,
422 2710 481 2773 sed
509 2710 627 2775 uirtute
657 2731 696 2774 ao
715 2708 840 2772 meritis
862 2712 1063 2792 prorogatur.
1103 2711 1182 2792 quin

173 2811 200 2851 80
214 2794 312 2859 etiam
346 2793 467 2858 leuiora
499 2793 587 2878 haec,
621 2795 756 2858 formam
789 2792 944 2876 principis
970 2793 1182 2878 figuramque,

212 2901 279 2944 non
302 2899 414 2943 aurum
435 2878 549 2944 melius
572 2879 623 2942 uel
646 2881 816 2964 argentum
838 2899 935 2961 quam
964 2879 1058 2942 fauor
1079 2878 1182 2942 homi-

281 3050 512 3100 4moderationis
531 3053 574 3100 est
596 3052 630 3099 V:
660 3049 896 3100 moderationisB
923 3049 1075 3102 moderatio
1103 3053 1182 3100 estc

213 3117 245 3164 W
274 3115 284 3180 11
314 3118 455 3168 haerario
475 3117 794 3180 consulis-suspitione
813 3131 859 3166 om.
878 3118 913 3177 Μ,
932 3119 993 3170 add.
1011 3131 1036 3166 w
1060 3115 1070 3182 ΙΙ
1095 3119 1127 3168 10
1139 3117 1183 3166 di-

214 3183 348 3232 cabantur
367 3199 394 3249 ςε
424 3184 585 3235 dicebantur
611 3184 638 3231 Η
669 3181 679 3247 ΙΙ
710 3185 741 3233 19
759 3183 892 3247 principis
914 3201 961 3238 om,
980 3186 1013 3233 W
1042 3183 1051 3250 ΙΙ
1082 3188 1115 3236 20
1134 3183 1180 3248 hi]

214 3250 262 3300 ubi
281 3252 337 3300 edd.
354 3249 362 3314 Ι·
373 3253 476 3301 sinceri
492 3267 554 3316 epo:
573 3251 630 3300 sint
646 3251 747 3298 BVW
764 3255 828 3300 sunt
846 3251 863 3299 (t
881 3248 890 3316 [t
908 3253 942 3301 24
959 3251 1007 3317 ao]
1027 3259 1056 3303 et
1071 3255 1104 3300 W
1120 3250 1130 3316 l
1147 3253 1182 3302 26

212 3325 275 3381 post
291 3331 404 3369 neeesse
425 3324 467 3368 eet
484 3319 560 3382 Cuep.
577 3319 654 3367 ‘addit
670 3322 816 3380 praeterea
837 3324 868 3368 ut
886 3321 1001 3384 quisque
1025 3321 1119 3370 faetus
1136 3324 1185 3370 eet.

214 3386 342 3450 princeps
355 3386 480 3451 exemplo
498 3383 649 3449 (extemplo
661 3384 773 3450 Keuuu)
792 3387 867 3436 fama
886 3387 944 3437 eius
962 3388 1097 3437 incertum
1108 3388 1184 3437 bona

214 3468 251 3501 an
269 3453 349 3516 mala,
368 3457 490 3503 ceterum
508 3456 624 3502 aeterna
643 3455 685 3502 est
708 3450 718 3516 ΙΙ
743 3456 775 3504 27
793 3455 884 3504 inuita
903 3469 964 3503 eum
982 3469 1044 3519 epo:
1062 3455 1182 3504 inuitum

214 3522 237 3567 V
254 3522 285 3568 W
303 3521 333 3570 in
350 3521 448 3569 uitium
465 3520 486 3566 B
504 3521 522 3566 (t
