2578 4000
193 155 255 220 152
512 153 558 204 vi
588 152 737 205 rueram
755 151 836 202 Pau.

192 327 252 391 que
275 261 428 388 Magnum
454 303 567 366 aetatis
590 323 717 366 sursum
738 301 858 364 uirtute
880 303 1072 383 praeuectos
1095 303 1165 366 tam

192 394 315 455 mature
344 391 470 472 sumpto
499 387 601 452 uineis
635 386 769 470 imperio
798 389 1025 468 tantarumque
1054 406 1165 450 rerum

193 475 330 538 sustines
352 473 470 536 molem
491 473 667 555 incipiente
688 471 865 535 iuuentute.
911 469 1052 554 gesseris
1076 471 1165 536 enim

192 559 269 624 lieet
289 557 391 622 multa
408 557 544 638 fortiter,
568 557 669 620 multa
691 555 863 639 sapienter,
887 575 959 618 oum
982 576 1040 638 per
1062 556 1165 620 maxi-

167 663 260 708 smos
288 644 472 707 tribunatus
499 641 659 725 stipendia
686 641 790 724 prima
819 638 1008 720 oonfieeres,
1040 641 1167 704 sentias

192 749 322 793 neeesse
345 731 394 792 est
414 729 525 790 tantae
547 725 689 809 auspicia
708 723 867 806 fortunae,
891 723 1066 808 imperator
1088 725 1166 788 adu-

192 813 325 877 leseens.
364 831 554 896 quamquam
578 809 654 894 quid
676 831 738 894 ego
760 809 796 873 in
817 811 863 872 te.
871 809 988 872 aetatis
1009 811 1087 874 tuae
1110 830 1166 892 po-

193 898 257 962 tius
293 917 388 979 quam
416 896 584 979 grauitatis
615 916 733 960 nomen
764 893 904 978 usurpo?
950 895 1040 958 ouius
1069 897 1166 960 tants

193 983 362 1046 maturitas
379 982 487 1061 estut,
512 1002 583 1043 eum
598 979 658 1044 tibi
673 981 765 1063 pater
784 978 954 1061 imperium
969 979 1166 1063 reliquisset,

156 1086 181 1126 10
195 1066 340 1131 Caesaris
376 1067 483 1129 tamen
522 1063 738 1148 appellatione
780 1065 950 1128 contentus
994 1067 1166 1146 expectere

193 1149 345 1247 malueris
366 1152 403 1247 ut
425 1149 564 1246 memte
587 1149 640 1232 qui
662 1149 753 1212 illum
776 1147 953 1213 declararet
967 1149 1164 1246 augustum.

194 1232 1167 1403 titttitulati-ittiitttitstit,

195 1404 251 1469 sed
283 1403 456 1502 uirtutibus
489 1404 555 1467 tuis
588 1403 731 1468 debitum
764 1423 782 1465 a
813 1422 937 1466 summo
971 1401 1168 1485 imperatore

157 1507 182 1548 1⁵
195 1509 377 1554 meruisses.
871 1531 873 1536 ,

258 1572 315 1639 VI.
359 1571 471 1656 Neque
500 1572 586 1636 enim
613 1571 745 1636 dubium
772 1570 851 1655 quin
872 1569 933 1634 tibi
960 1574 1089 1634 mature
1118 1592 1167 1634 sa-

195 1679 283 1722 erum
311 1657 398 1722 istud
418 1657 584 1742 fastigium
612 1656 740 1720 diuinae
764 1656 933 1740 potestatis
956 1657 985 1720 is
1007 1658 1169 1720 astrueret
1201 1727 1204 1730 ,

195 1743 249 1828 qui
277 1746 309 1808 te
337 1743 402 1807 iam
433 1743 509 1806 olim
535 1741 598 1806 sibi
626 1762 795 1826 generum,
832 1739 930 1804 etiam
964 1743 1040 1804 ante
1070 1760 1169 1822 qaam

195 1830 304 1911 petere
325 1849 443 1911 posses,
467 1831 582 1910 sponte
597 1826 769 1910 delegerat.
798 1823 860 1888 hoe
882 1823 979 1906 eninr,
1001 1828 1038 1888 ut
1061 1824 1168 1906 andiu,

157 1931 182 1970 ao
196 1915 304 1997 imago
316 1911 372 1976 illa
386 1911 527 1975 declarat
537 1912 570 1976 in
579 1910 777 1994 Aquileiensi
786 1909 906 1993 palatio
920 1908 1078 1993 adipsum
1093 1931 1167 1973 oon·

195 1997 387 2081 uiuiiposita
397 2000 571 2079 aspectum,
583 1996 639 2058 ubi
645 1994 752 2079 puella
761 1993 940 2058 iamdiuino
948 1993 1063 2058 deeora
1072 2015 1168 2058 uene-

196 2081 317 2161 rabilis,
341 2081 396 2144 sed
419 2078 522 2143 adhue
544 2079 650 2162 impar
670 2079 770 2161 oneri,
794 2077 931 2144 sustinet
954 2081 1050 2162 atque
1073 2079 1170 2142 offert

196 2165 256 2240 tibi
272 2165 451 2228 etiamtum
467 2184 575 2246 puer0‚
600 2162 820 2246 Constantine,
843 2162 968 2247 galeam
985 2185 1063 2226 auro
1078 2185 1169 2247 gern-

197 2249 319 2333 misque
335 2247 512 2312 radiantem
535 2251 567 2311 et
581 2248 690 2331 pinnis
705 2248 834 2331 pulcrae
857 2248 943 2312 alitis
959 2248 1171 2330 eminentem,

108 2379 110 2382 .
159 2350 184 2391 us
196 2335 233 2398 ut
253 2335 296 2415 te,
320 2332 403 2418 quod
418 2333 474 2396 uix
491 2332 556 2396 ulla
569 2335 706 2416 possunt
721 2331 849 2398 habitus
872 2336 1062 2396 ornamenta
1076 2353 1170 2416 prae-

198 2421 292 2500 stare,
316 2416 463 2501 sponsale
485 2439 602 2481 munus
623 2417 724 2483 faeiat
744 2416 944 2501 pulcriorem.
983 2417 1171 2482 fortunatus

197 2503 302 2586 pietur
323 2501 377 2566 ille
400 2502 541 2592 quisquis
563 2501 627 2566 fuit
649 2505 695 2585 et,
720 2501 866 2586 quamuis
888 2501 1038 2585 Apellam
1059 2501 1171 2586 ipsum

198 2593 226 2652 ei
246 2588 350 2670 ipsura
370 2585 575 2650 Parrhasium
597 2587 733 2651 seientia
745 2585 878 2669 uicerit,
900 2587 1036 2650 materia
1056 2589 1170 2652 tamen

198 2671 349 2756 imaginis
377 2691 472 2754 quarn
499 2675 567 2734 arte
594 2669 735 2736 felicior!
779 2691 971 2755 quamquam
994 2671 1081 2736 enim
1104 2671 1171 2754 ipsi

159 2773 185 2814 ao
198 2755 306 2820 ferant
327 2755 548 2820 difficillimam
569 2777 639 2820 esse
659 2755 849 2840 praecipuae
872 2757 1023 2839 cuiusque
1043 2755 1172 2820 formae

267 2950 280 2995 l
301 2961 381 2996 cursu
400 2941 444 3009 vl
461 2949 625 3009 praeuectus
643 2947 772 3009 Longius:
791 2950 937 3009 prouootos
950 2942 1003 3008 ’111
1021 2949 1038 2995 11
1056 2945 1170 2994 iufitute

197 3016 304 3077 scripsi:
324 3013 426 3064 uirtute
443 3013 471 3060 11
483 3011 522 3078 114
540 3013 607 3064 lieet
625 3014 712 3064 malta
729 3012 932 3062 fortitertw:
951 3013 1038 3062 multa
1056 3012 1172 3062 fortiter

198 3079 264 3129 lieet
280 3077 388 3144 311111
404 3083 433 3128 13
451 3078 596 3146 creuisses]
616 3082 738 3146 cepisses
751 3093 775 3128 w
788 3077 798 3143 1
813 3081 843 3128 16
861 3084 958 3129 nature
970 3078 993 3128 Δ
1006 3077 1016 3146 1
1030 3083 1061 3130 17
1080 3080 1104 3130 is
1123 3077 1170 3130 arl-

199 3148 267 3197 didi:
285 3163 332 3196 unz.
350 3149 378 3195 1
401 3144 411 3210 11
437 3149 468 3196 18
487 3163 568 3211 quam
586 3149 648 3198 add.
668 3161 704 3196 w:
722 3164 769 3197 ora.
788 3149 816 3195 11
844 3144 849 3212 1
873 3149 906 3197 20
925 3147 1112 3212 aquilegiensi
1131 3161 1169 3196 w:

199 3212 336 3277 aquilensi
344 3216 371 3262 m
383 3211 393 3278 11
407 3217 439 3264 20
452 3212 586 3280 conuiuii]
599 3215 820 3266 conubiilureias
832 3211 837 3277 1
855 3216 887 3262 22
898 3215 974 3264 oneri
984 3231 1035 3266 suo
1046 3215 1171 3266 srrstinet

198 3278 348 3342 (substinet
364 3282 384 3330 B
398 3283 414 3330 0
427 3282 459 3339 V)
477 3284 516 3340 li;
539 3298 588 3334 suo
606 3281 794 3346 dittograplrum
812 3283 894 3332 deleri
906 3279 916 3346 11
929 3285 962 3332 ‘23
981 3281 1168 3333 Constantine

198 3363 244 3398 om.
262 3349 282 3395 B
295 3350 312 3396 0
324 3349 347 3396 V
359 3345 369 3412 1
382 3351 415 3398 24
433 3350 524 3413 pinnis
537 3351 611 3400 Bert.
630 3351 650 3399 B
663 3352 681 3399 c
694 3351 730 3398 V:
749 3351 777 3399 in
795 3349 886 3414 pinnis
902 3351 925 3398 Δ
944 3351 1044 3413 pennis
1056 3352 1090 3399 W
1107 3353 1168 3402 edd.

198 3410 208 3478 11
224 3416 256 3464 27
276 3414 382 3479 apellen
400 3413 477 3480 11111
490 3419 522 3468 28
541 3422 570 3466 et
587 3418 675 3480 ipsum
694 3419 797 3468 addidi:
815 3433 861 3470 om.
880 3418 908 3465 11
926 3423 1009 3480 atque
1028 3419 1089 3469 add.
1105 3420 1168 3468 Ari·

199 3483 282 3532 duliae
294 3483 437 3547 ipsumque
449 3484 523 3548 Cusp.
536 3483 767 3549 Parrhasiumque
778 3486 862 3550 gedd.
876 3481 887 3549 1
905 3487 938 3535 30
952 3483 1137 3536 difficilimum
1146 3487 1169 3534 Δ
