2578 4000
212 193 276 258 234
543 196 576 246 x.
606 196 753 270 nazian
772 195 852 246 000.

213 365 340 408 suarum
362 344 585 427 gubernaculis
608 365 702 426 quam
718 343 813 406 facile
835 343 942 407 omnia
965 342 1004 405 ad
1019 343 1179 406 salubrem

213 449 340 492 cursum
362 429 519 512 redirent3
550 449 630 511 quae
652 428 699 490 ita
722 427 946 491 deferebantur
968 430 1004 490 ut
1024 447 1100 491 mox
1123 433 1180 492 aut

212 513 366 577 malorum
395 512 537 576 omnium
565 512 705 594 scopulis
726 511 926 576 illiderentur
955 515 1010 574 aut
1037 511 1179 575 miseria-

212 618 282 659 rum
310 596 400 660 uadis
429 597 702 660 adhaerescerent.
749 598 929 678 praetereo,
961 595 1111 678 inquam,
1147 600 1180 660 et

187 680 291 744 shaec
313 685 346 744 et
360 681 424 744 alia
440 680 604 763 complura
621 700 754 763 quorum
775 682 823 743 est
845 682 877 743 et
892 678 1080 762 singillatim
1103 701 1179 744 000-

212 786 284 829 0000
304 764 405 830 moles
429 768 461 828 et
476 766 619 829 omnium
641 764 736 828 simul
751 785 883 828 acernus
904 764 1078 828 onerosior.
1100 786 1178 828 nam

212 870 293 931 quae
316 849 445 913 diducta
465 849 549 913 ferre
574 869 731 931 nequeas,
760 848 811 912 his
840 848 1043 932 congregatis
1072 848 1179 912 subire

212 934 281 1014 spei
314 933 556 1016 importunioris
588 938 637 996 est
668 954 763 1016 quam
795 932 928 997 fiduciae
961 932 1178 1016 promptioris.

211 1021 398 1098 recuperata
427 1018 526 1100 igitur
549 1016 643 1080 Italia
670 1017 723 1080 hio
750 1018 871 1100 primus
904 1016 966 1082 fuit
994 1017 1178 1080 liberandae

173 1099 299 1164 morbis
321 1101 440 1185 gradus
468 1105 501 1164 et
522 1101 562 1164 ad
583 1100 753 1164 uictoriam
773 1101 879 1166 facilis
900 1122 1065 1183 ascensus,
1095 1103 1179 1184 quod

211 1183 302 1248 illum
324 1207 449 1268 semper
463 1186 643 1249 exedendae
664 1185 753 1249 urbis
768 1186 942 1250 uisceribus
957 1185 1178 1250 inhaerentem

212 1291 250 1332 ex
279 1272 414 1334 assuetis
435 1268 566 1334 latebris
591 1271 640 1333 uis
663 1269 841 1334 diuinitatis
859 1269 1012 1334 excussit.
1056 1269 1178 1352 inquo

211 1353 341 1438 quidem
362 1358 488 1418 lantum
510 1355 665 1419 momenti
686 1355 749 1418 tuit
771 1354 809 1417 ad
828 1353 1040 1437 perficiendae
1062 1355 1111 1416 rei
1131 1353 1178 1417 fa-

214 1437 367 1502 ciIItatem
398 1442 434 1502 ut
461 1460 528 1503 non
556 1443 622 1503 tam
650 1438 853 1524 gloriandum
883 1439 926 1502 sit
951 1436 1064 1502 uirtuti
1093 1442 1177 1520 cuae,

173 1545 198 1582 15
211 1523 483 1604 praestantissime
511 1525 699 1606 imperator,
729 1523 811 1606 quod
839 1543 911 1586 eum
938 1522 1054 1586 uiceris
1082 1543 1178 1604 quam

210 1605 437 1690 gratulandum
474 1607 620 1671 felicitati
658 1607 741 1690 quod
780 1607 820 1670 ad
857 1628 998 1690 pugnam
1035 1607 1178 1690 potueris

212 1711 354 1754 euocare.

272 1773 425 1846 XXVIII.
477 1774 554 1841 Non
580 1776 667 1840 enim
696 1797 786 1858 casu,
816 1796 884 1839 non
911 1774 1027 1839 fiducia
1054 1777 1177 1839 factum

210 1863 358 1942 putemus
380 1863 416 1923 ut
431 1859 515 1923 ultro
538 1860 633 1924 etiam
649 1860 823 1923 exercitum
846 1858 994 1924 educeret
1009 1859 1177 1925 aduersum

173 1963 199 2004 ao
213 1964 284 2006 eum
307 1945 395 2007 euius
419 1944 574 2008 aduentus
597 1944 765 2007 stridorem
787 1944 892 2026 ipsum
910 1943 1175 2027 perhorresceret,

211 2027 273 2091 nisi
296 2029 438 2091 animum
460 2027 524 2091 iam
545 2032 631 2092 metu
647 2028 774 2092 denium
796 2028 945 2092 infestior
960 2028 1037 2092 deus
1060 2032 1094 2092 et
1107 2049 1177 2114 per·

212 2110 308 2174 eundi
335 2112 502 2174 maturitas
523 2111 729 2195 perpulisset3
758 2113 844 2195 quod
866 2113 936 2196 ipsa
962 2114 1046 2176 ratio
1071 2113 1176 2196 dispo·

211 2195 309 2257 nendi
340 2196 497 2258 exercitus
525 2196 633 2260 docuit
659 2196 750 2276 ilico,
785 2200 893 2261 mente
920 2196 1046 2279 perdIta
1074 2197 1177 2281 impli-

212 2281 346 2361 catoque
369 2279 501 2344 oonsilio
524 2299 596 2344 oum
619 2292 690 2343 eum
709 2301 839 2364 pugnae
861 2282 967 2344 locum
991 2286 1122 2364 caperet
1142 2285 1178 2346 ut

172 2382 198 2422 rs
211 2362 384 2428 interclusa
419 2362 498 2448 fuga
534 2364 690 2429 moriendi
728 2368 952 2430 necessitatem
984 2366 1176 2449 imponeret,

211 2467 282 2511 cum
304 2469 393 2530 spem
415 2449 567 2512 uictoriae
589 2471 654 2512 non
677 2449 818 2514 haberet.
862 2450 946 2535 quod
968 2450 1097 2533 quidem
1118 2450 1176 2513 im·

209 2533 350 2612 peratori
371 2536 482 2596 nostro
505 2533 682 2615 optandum
702 2533 838 2620 largIter
853 2534 926 2617 fuit,
950 2535 1004 2617 qui
1026 2534 1089 2598 hoc
1110 2556 1175 2598 uno

210 2615 347 2678 maxime
369 2615 542 2680 offenditur
569 2617 595 2679 si
618 2621 780 2683 certamen
803 2618 959 2682 lubricum
980 2618 1081 2683 faciat
1103 2639 1175 2701 spes

209 2703 357 2782 prompta
370 2700 527 2783 fugiendi.
551 2701 744 2766 relaxauerit
760 2703 843 2767 acies
865 2705 921 2766 aut
932 2703 1024 2766 frons
1038 2703 1176 2786 impulsa

170 2801 196 2842 00
209 2782 412 2867 titubauerit,
440 2784 556 2849 fiducia
577 2808 729 2850 manuum
756 2787 795 2852 ad
817 2785 915 2870 pedes
936 2786 1064 2870 migrat.
1108 2808 1175 2851 non

209 2888 313 2951 amas,
347 2869 537 2952 imperator,
572 2869 656 2933 bella
689 2871 751 2935 nisi
779 2871 959 2935 lenientem
985 2871 1112 2934 hostem
1140 2871 1174 2934 in

208 2952 311 3034 gradu
333 2974 389 3017 suo
404 2953 548 3036 praecisa
568 2953 647 3039 fuga
660 2957 783 3036 teneat,
806 2959 842 3018 ut
855 2961 912 3019 aut
926 2955 1011 3020 ferro
1027 2954 1176 3020 concidat
1274 2983 1275 3008 r

209 3039 264 3098 aut
284 3037 490 3102 miseratione
512 3044 667 3102 seruetur.
709 3043 786 3122 aput
807 3038 948 3104 Tiberim
976 3039 1077 3123 igitur
1100 3059 1174 3102 suos
1274 3105 1275 3126 2

275 3306 398 3359 6000100
416 3322 454 3358 w:
482 3309 560 3360 molis
577 3313 605 3360 Ι
634 3308 644 3375 fl
674 3310 824 3361 ‘ldeducta
841 3312 862 3361 B
880 3311 898 3362 0
915 3311 937 3360 V
954 3311 987 3360 W
1014 3309 1026 3378 l
1056 3314 1089 3363 10
1113 3327 1173 3378 gra-

207 3369 309 3421 dus-
328 3376 453 3426 nuruis
472 3379 559 3431 om.v
586 3375 597 3442 l
629 3381 809 3429 resecemus
828 3377 917 3429 Bert:
937 3393 1070 3430 00000000
1088 3381 1110 3428 Δ
1126 3395 1173 3430 00-

208 3451 300 3498 000000
317 3440 337 3489 Β
356 3443 373 3487 0
390 3441 449 3506 wll
472 3447 503 3494 13
521 3441 568 3511 ad]
588 3450 637 3495 aut
654 3447 677 3494 Δ
695 3445 717 3493 V
734 3441 744 3510 l
764 3447 797 3496 02
816 3446 1005 3511 0000000000
1026 3444 1036 3511 ΙΙ
1057 3449 1090 3498 23
1109 3447 1173 3498 ilico

206 3507 314 3570 scripsi:
333 3506 410 3558 illum
428 3510 455 3557 1
483 3508 494 3574 l
523 3513 555 3562 29
574 3512 691 3577 impulsa
709 3525 746 3562 w:
765 3513 907 3579 impulsati
923 3515 951 3564 1
