2578 4000
152 149 155 153 ¹
179 185 239 250 174
463 242 467 247 ,
491 185 550 236 VII.
579 183 729 236 INOERTI
746 185 827 237 PAN.

176 339 283 401 mente
312 335 472 420 concipio,
501 354 635 418 quorum
661 353 784 397 summa
810 334 913 398 uirtus
935 333 1144 419 pulcritudini

177 419 349 485 coniuncta
377 419 565 484 celebratur.
614 439 679 482 non
706 417 826 481 frustra
854 419 941 482 enim
967 419 1145 484 doctissimi

176 505 239 569 uiri
261 504 372 571 dieunt
398 505 547 569 naturam
574 503 678 587 ipsam
704 503 831 586 magnis
859 502 1022 569 mentibus
1045 503 1144 567 domi-

178 589 252 655 cilia
275 610 444 674 corporum
466 588 565 673 digna
586 587 700 651 metari
722 589 755 650 et
777 608 815 651 ex
837 587 929 652 uultu
945 587 1086 654 hominis
1108 609 1146 652 ac

151 675 290 740 sdecore
309 675 525 739 membrorum
553 671 625 737 ooll'
653 671 660 685 ‘
682 691 791 755 posse,
820 675 958 756 quantus
980 673 1053 738 illos
1077 695 1145 738 cae

176 759 266 824 lestis
288 758 420 841 spiritus
447 757 577 822 intrarit
598 757 641 820 ha
663 756 772 820 italor.
817 757 924 841 itaque
946 761 979 822 te
1002 779 1076 823 oum
1097 758 1147 822 in-

175 843 376 929 gredientem
404 843 522 906 milites
549 841 677 924 uident,
708 839 905 906 admirantur
932 851 964 906 et
993 842 1146 939 diligrmt,

176 929 352 1012 sequuntur
374 927 489 1010 oeulis,
514 926 621 992 animo
642 928 771 1010 teuent,
797 925 856 990 deo
878 948 912 990 se
934 927 1067 1011 obsequi
1089 947 1147 1010 pu-

175 1015 264 1095 tant,
296 1012 385 1077 cuius
407 1014 474 1075 tam
496 1012 609 1094 pulcra
634 1011 740 1075 forma
761 1013 810 1074 est
838 1031 934 1094 quam
956 1013 1046 1076 certa
1066 1011 1148 1075 diui-

136 1097 273 1162 ionitae.

240 1179 359 1246 XVIII.
410 1177 527 1245 Statim
555 1180 655 1265 igitur
686 1183 722 1244 ut
749 1179 879 1258 foedum
910 1179 991 1243 illud
1018 1179 1150 1245 facinus

177 1265 356 1348 audierant,
391 1265 476 1330 ultro
503 1287 522 1329 a
549 1267 582 1330 te
607 1263 832 1349 proficiscendi
865 1264 997 1350 signum
1024 1265 1149 1348 petiue-

175 1355 269 1435 runt3
294 1372 366 1416 cum
387 1351 507 1415 uiatn‘ca
520 1350 623 1432 dares,
645 1349 679 1413 id
693 1349 799 1437 ipsum
816 1349 877 1413 sibi
899 1371 1024 1414 moram
1038 1349 1148 1415 facere

199 1437 312 1519 Iusque
333 1435 398 1499 iam
420 1457 453 1500 se
476 1457 571 1520 quam
593 1433 755 1499 sufficeret
777 1455 816 1498 ex
837 1433 1063 1520 largitionibus
1080 1434 1149 1500 tuis

139 1540 163 1580 15
176 1457 294 1585 labere
306 1519 464 1584 dixerunt.
487 1520 562 1584 inde
574 1519 708 1603 arreptis
721 1519 818 1582 armis
830 1522 939 1602 portas
951 1518 1148 1602 petiuerunt‚

176 1609 226 1669 tot
247 1605 371 1670 dierum
392 1604 453 1670 iter
475 1627 494 1668 a
514 1603 629 1669 Rheno
650 1625 750 1687 usque
772 1603 812 1666 ad
834 1604 965 1667 Ararim
988 1604 1058 1668 sine
1080 1603 1151 1668 ulla

176 1690 285 1774 requie
306 1692 501 1775 peregerunt
526 1687 693 1754 indefessis
721 1687 906 1771 corporibus
952 1688 1068 1752 animis
1090 1688 1148 1752 fla·

177 1775 354 1860 grantibus‚
379 1776 542 1840 crescente
564 1773 684 1839 indies
707 1773 818 1838 ardore
840 1738 1002 1837 uindictae
1024 1776 1150 1857 quanto

177 1861 308 1944 propius
343 1859 540 1924 accederent.
590 1861 658 1922 tum
689 1857 817 1942 quidem
848 1860 921 1941 tua,
959 1857 1147 1941 imperator,

139 1963 164 2002 20
178 1965 267 2028 cura,
297 1966 362 2029 qua
388 1943 569 2008 referendis
597 1964 708 2007 eorum
735 1942 857 2006 uiribus
885 1965 904 2006 a
926 1941 1148 2008 Cabillonensi

177 2033 272 2112 portu
299 2029 431 2112 nauigia
457 2027 661 2110 prouiderat,
693 2026 922 2091 festinantibus
950 2048 1053 2112 paene
1079 2049 1147 2092 non

176 2113 307 2196 placuit.
352 2111 461 2197 segnis
495 2110 550 2174 ille
582 2114 615 2174 et
642 2111 884 2176 cunctabundus
916 2112 1021 2176 amnis
1054 2133 1149 2176 num·

178 2217 273 2280 quam
294 2196 395 2259 fuisse
417 2194 538 2259 tardior
559 2194 742 2260 uidebatur:
778 2195 894 2260 carinis
917 2195 1014 2261 tacite
1035 2195 1149 2260 laben·

177 2281 263 2345 tibus
292 2283 324 2345 et
345 2279 424 2367 ripis
447 2279 533 2344 lente
560 2280 783 2346 recedentibus
811 2284 897 2346 stare
926 2303 975 2365 se,
1005 2297 1072 2346 non
1099 2281 1150 2344 ire

139 2384 165 2424 ra
179 2365 370 2431 clamabant.
399 2368 468 2430 tum
488 2386 564 2430 uero
586 2387 679 2430 usum
694 2365 810 2450 pedum
832 2365 982 2430 manibus
1002 2386 1043 2450 ag
1083 2366 1149 2430 essi

177 2451 348 2516 incubuere
370 2451 450 2514 remi
478 2449 515 2514 'is
538 2453 570 2514 et
590 2453 740 2515 naturam
754 2449 896 2514 fluminis
910 2471 1036 2536 unguen
1058 2470 1078 2514 o
1099 2449 1149 2513 ui-

179 2537 292 2600 cerunt
325 2537 358 2599 et
384 2537 439 2599 tan
464 2555 513 2598 em
546 2533 677 2600 eluctati
703 2535 815 2600 Araris
848 2554 955 2598 moras
989 2536 1043 2598 uix
1075 2534 1149 2617 ipso

177 2618 338 2684 Rhodano
360 2619 447 2684 fuere
470 2619 631 2684 contenti:
659 2641 773 2704 parum
793 2619 859 2683 illis
881 2618 1050 2683 uidebatur
1072 2640 1149 2683 con-

179 2703 261 2769 citus
288 2724 394 2789 ruere,
426 2703 533 2768 minus
562 2705 657 2769 solito
686 2702 815 2768 Arelate
841 2724 1024 2788 properare.
1091 2703 1148 2767 uid

140 2809 165 2848 eo
178 2788 301 2854 multa?
339 2789 554 2854 confitendum
583 2792 631 2853 est
657 2789 730 2871 tibi,
762 2789 951 2872 imperator:
990 2809 1061 2853 cum
1107 2809 1149 2852 oc

177 2877 233 2938 tuo
263 2874 375 2960 uigore
411 2874 568 2959 corporis,
606 2873 667 2938 hoo
700 2873 817 2937 mentis
852 2873 965 2938 ardore
993 2871 1150 2937 laborasti

179 2958 339 3023 interdum
374 2961 411 3023 ut
442 2981 537 3042 quem
574 2956 710 3032 ducebas
747 2957 922 3040 sequereris
960 2956 1148 3022 exereitum.

177 3047 269 3108 tanto
292 3045 379 3108 enim
401 3064 512 3107 omnes
533 3043 655 3128 impetu
676 3042 864 3106 ferebantur
884 3044 935 3124 ut,
961 3040 1149 3106 camillum

177 3129 309 3192 Arelate
333 3128 457 3192 deserto
480 3126 711 3211 comperissent
733 3127 836 3191 abisse
857 3126 1047 3208 Massiliam,
1073 3147 1149 3190 con·

248 3319 260 3364 l
279 3318 361 3366 malim
378 3319 470 3367 mente
489 3317 628 3381 conspicio
652 3313 662 3380 ll
688 3318 719 3364 14
742 3314 886 3380 plusquam
904 3316 921 3362 0
942 3315 946 3377 l
967 3314 1094 3365 sulficere
1112 3316 1150 3363 W

181 3381 192 3448 Η
214 3384 245 3433 16
263 3383 401 3446 petierunt
418 3383 438 3431 B
456 3383 473 3430 c
491 3384 513 3431 V
529 3381 539 3449 ΙΙ
562 3386 593 3434 19
611 3389 669 3432 lum
688 3385 761 3434 edd:
781 3397 841 3432 cum
858 3385 886 3431 1
904 3383 980 3433 Bert.
1002 3379 1012 3447 ΙΙ
1034 3383 1065 3432 21
1086 3395 1148 3446 pre-

177 3449 368 3568 &gustant
396 3465 484 3516 paene
502 3452 522 3500 B
541 3452 571 3501 0:
592 3465 678 3515 prene
696 3451 718 3500 Δ
736 3451 759 3498 V
776 3451 866 3516 preire
884 3464 909 3499 w
939 3447 949 3514 l
979 3453 1011 3502 30
1029 3449 1082 3499 tibi
1100 3451 1150 3500 cd-
