2578 4000
182 200 246 264 220
358 257 361 263 ,
513 201 547 252 x.
577 199 724 252 raanan
741 183 828 252 rau(

181 353 252 414 tum
273 371 314 414 ne
329 350 466 433 sopitam
487 349 643 414 malorum
661 349 850 414 memoriam
872 349 974 414 oratio
988 372 1061 416 mea
1084 373 1158 416 sus·

184 435 270 518 citet,
287 433 398 499 sedne
413 435 632 499 sanctissimas
647 433 802 517 principis
812 434 934 516 laudes,
954 434 1029 500 dum
1044 436 1154 501 aliena

181 519 261 583 uitia
275 518 500 602 depromimus,
523 540 626 583 sermo
642 518 717 583 talis
738 519 885 584 incestet.
914 519 1151 586 incrementum

182 602 310 687 quidem
340 603 473 686 adeptae
500 603 663 668 felicitatis
697 606 747 666 est
774 603 930 668 malorum
960 623 1152 669 commemo-

157 691 255 751 ⁵rata
276 687 435 771 depulsio:
461 709 571 752 uerum
593 689 686 752 utin
708 688 880 772 segetibus,
902 687 1027 752 etiamsi
1047 689 1157 754 multa

182 794 262 856 quae
288 771 421 836 humum
449 772 641 837 obsederant
667 772 826 836 industria
851 772 1037 837 reuellenda
1064 777 1156 858 sunt,

181 857 322 920 laborem
358 859 467 920 tamen
499 857 630 942 purgati
667 857 726 920 soli
758 857 907 922 nesciunt
939 856 994 940 qui
1024 855 1153 922 fructus

182 941 283 1004 editos
305 941 485 1024 intuentur,
514 941 560 1007 sie
578 941 791 1007 Constantini
812 941 960 1006 laudibus
989 941 1068 1006 satis
1091 945 1152 1026 est,

182 1025 258 1089 dum
286 1025 519 1089 efflorescentia
546 1026 632 1091 bona
660 1027 836 1110 cernimus,
864 1049 905 1091 ne
933 1025 1018 1090 mala
1044 1028 1155 1092 excisa

144 1129 170 1168 ro
181 1112 375 1192 reputemus.
807 1124 809 1128 '

244 1193 301 1258 IX.
348 1193 486 1258 Ferebas
508 1197 628 1278 tamen,
650 1195 833 1278 imperator,
854 1195 980 1258 ferebas
1002 1194 1094 1259 illum
1116 1195 1152 1258 in

174 1278 282 1342 vtantis
304 1279 399 1342 malis
418 1278 583 1344 ludentem
605 1282 648 1361 et,
673 1301 745 1344 cum
767 1279 874 1344 omnia
888 1282 925 1343 tn
946 1279 1054 1362 scires,
1076 1283 1157 1343 uota

86 1359 94 1366 ’
181 1363 350 1428 hominum
378 1363 540 1428 coniuenti
567 1363 725 1448 patientia
751 1363 929 1448 fatigabas,
957 1364 1012 1447 qui
1038 1385 1080 1427 ne
1105 1363 1153 1427 sie

182 1447 310 1530 quidem
331 1447 449 1512 iniuste
471 1470 559 1512 arma
576 1469 705 1532 caperes
727 1449 787 1512 etsi
802 1449 945 1512 nondum
967 1448 1007 1511 ab
1021 1446 1155 1511 homine

143 1549 169 1590 15
181 1531 364 1614 lacessitus,
393 1532 459 1595 iam
485 1535 596 1597 tamen
623 1534 776 1596 uitiorum
806 1533 872 1596 eius
899 1531 1050 1596 inimicus
1057 1581 1066 1613 ,
1095 1533 1153 1595 sed

183 1615 282 1699 (quod
310 1618 378 1679 erat
405 1619 655 1682 consentaneum
689 1616 878 1681 clementiae
905 1619 991 1698 tuae)
1027 1617 1154 1699 experi-

181 1699 262 1763 reris
282 1700 422 1764 remedia
443 1701 592 1765 molliora
612 1705 658 1784 ut,
681 1700 766 1785 quod
780 1700 875 1765 leniri
898 1722 992 1784 quam
1013 1700 1154 1765 resecari,

181 1783 309 1867 malles,
346 1785 455 1849 mitior
487 1786 646 1851 medicina
679 1788 818 1850 sanaret.
871 1786 949 1868 quin
983 1787 1153 1868 extorques

182 1869 288 1932 animo
303 1872 358 1933 tuo
381 1873 413 1934 et
436 1870 647 1934 conueniendi
669 1870 809 1934 studium
832 1871 865 1932 et
886 1869 1073 1933 concordiae
1095 1890 1151 1933 uo·

143 1951 355 2038 soluntatem,
381 1955 409 2017 si
432 1955 634 2019 concordiam
656 1975 753 2037 quam
773 1954 901 2018 ueniam
923 1952 1152 2037 appellarisne

183 2039 240 2120 est,
264 2058 336 2100 cum
358 2039 413 2120 qui
426 2040 534 2184 potest
555 2039 685 2102 uincere
707 2040 800 2122 optat
820 2038 999 2122 ignoscere.
1029 2041 1062 2100 et
1083 2058 1151 2101 non

182 2120 293 2184 dubito
322 2123 399 2204 quin

182 2203 321 2282 duxerit,
350 2204 435 2287 quod
463 2205 689 2270 coniunctione
715 2228 772 2270 sua
798 2206 1066 2290 flagrantissimas
1094 2205 1152 2270 ho·

181 2286 278 2350 minis
301 2288 493 2371 cupiditates
514 2290 568 2354 uel
590 2291 794 2375 extingueret
808 2292 936 2375 penitus
958 2292 1012 2355 uel
1025 2290 1152 2354 modice

143 2373 383 2454 attemperaret.
410 2374 499 2438 nulla
514 2375 631 2458 quippe
654 2377 702 2440 est
716 2375 815 2439 libido
838 2378 905 2440 tam
925 2395 1038 2439 uecors
1054 2395 1151 2458 quam

181 2477 248 2520 non
270 2457 376 2541 capiat
404 2480 476 2523 eum
498 2459 533 2523 in
556 2461 751 2524 consortium
777 2460 902 2524 uenerit
923 2460 1148 2542 temperantia.

182 2539 279 2604 deicit
301 2542 409 2605 oeulos
432 2543 584 2606 deformis
605 2543 736 2627 ignauia
757 2545 812 2608 ubi
834 2545 863 2608 ei
882 2543 1064 2627 pulcritudo
1087 2546 1150 2607 uir-

181 2625 260 2688 tutis
288 2625 413 2689 obiecta
441 2630 502 2691 est.
543 2628 752 2712 tergiuersari
780 2632 875 2712 atque
900 2627 1031 2693 haerere
1058 2631 1151 2710 petu-

139 2733 142 2736 ·
181 2707 317 2772 lantiam
338 2709 448 2774 uideas
470 2712 645 2796 grauitate,
673 2712 828 2776 modestia
850 2716 883 2776 et
904 2712 1017 2778 decore
1040 2712 1150 2778 confu-

143 2809 170 2850 eo
182 2814 265 2872 sam,
295 2796 331 2857 ut
359 2799 514 2878 appareat
535 2798 581 2879 te,
609 2797 784 2880 imperator
811 2797 949 2881 optime,
979 2796 1150 2861 eoncordia

451 2142 511 2185 ane
538 2123 695 2186 rationem
723 2122 868 2186 caelestis
896 2122 1066 2206 prudentia
1093 2125 1154 2184 tua

184 2950 386 2958 ———-—---.....

250 3053 265 3100 2
288 3067 322 3100 ne
340 3053 364 3099 A
381 3065 418 3099 w:
445 3034 498 3102 om:
516 3052 536 3100 B
555 3053 613 3099 (lv
641 3050 651 3116 l]
680 3055 763 3102 4est
784 3068 831 3105 om.
851 3054 884 3100 W
911 3051 922 3117 ll
952 3055 967 3103 6
990 3052 1150 3104 reuellenda

182 3117 273 3166 Berc:
291 3117 449 3168 reuellanda
467 3120 490 3166 A
507 3119 656 3170 reuelanda
673 3120 803 3168 ΜΠ
832 3117 842 3184 ΙΙ
871 3120 946 3172 Seio
964 3133 1002 3168 w:
1021 3121 1045 3169 si
1062 3121 1149 3168 ΑΗ

182 3183 268 3232 sedB
294 3182 304 3248 ΙΙ
334 3188 365 3234 12
388 3189 418 3236 tu
441 3187 515 3238 edd:
539 3192 589 3236 tun
610 3188 637 3235 Π
667 3184 677 3251 ΙΙ
708 3189 739 3238 13
761 3188 897 3251 patientia
914 3201 952 3236 w:
981 3188 1151 3252 patienti!

182 3251 351 3302 conniuendo
369 3253 501 3316 patiendo
520 3255 577 3303 edd.
602 3251 612 3318 l
641 3255 672 3302 16
691 3255 826 3318 experiris
842 3254 866 3303 Δ
885 3255 1071 3319 experiebaris
1090 3255 1150 3304 edd.

180 3314 189 3381 ll
207 3318 239 3366 17
256 3315 299 3383 ut]
319 3319 400 3368 uelo
425 3317 434 3384 ΙΙ
460 3322 491 3370 18
510 3321 596 3371 males
614 3321 634 3368 B
652 3323 675 3370 V
692 3321 725 3369 W
748 3318 758 3385 ΙΙ
783 3324 814 3372 19
832 3323 904 3383 prius
924 3327 952 3372 et
970 3337 1016 3372 om.
1034 3323 1070 3383 Ι,
1088 3322 1149 3370 cdd.

180 3383 255 3433 Bcrt.
279 3382 289 3448 ll
312 3387 345 3434 26
363 3387 392 3435 in
410 3389 576 3438 consortium
594 3401 631 3436 w:
650 3389 680 3437 in
698 3392 812 3438 sortium
829 3391 856 3437 Ι
875 3387 880 3452 Ι
899 3389 1085 3453 temperantia
1102 3403 1149 3438 ue-

181 3451 473 3514 nerit1‚trannposui
492 3453 501 3518 ΙΙ
525 3456 558 3504 27
577 3455 662 3504 deicit
680 3456 726 3503 W:
745 3455 847 3506 deiecit
864 3457 983 3506 ANV
1003 3453 1016 3521 fl
1037 3457 1150 3518 2931’8·

181 3517 270 3568 nitate
288 3517 440 3568 modestiae
456 3521 588 3572 Liuineius
