2586 3996
185 319 187 324 .
214 264 277 330 306
538 263 601 313 XII.
628 261 761 312 PACATI
778 261 859 312 PAN.

214 415 284 497 bus,
308 413 449 476 afronte
471 411 668 476 criminibus.
699 411 726 474 si
748 430 899 492 morerer,
923 429 1096 474 euaseram.
1127 412 1185 475 sed

215 519 302 581 ecce,
332 518 392 560 nec
415 496 556 560 animum
579 495 722 579 sequitur
742 515 859 557 manus
880 515 940 558 nec
962 516 1093 558 manum
1114 495 1186 580 gla-

215 582 300 647 dius:
338 581 458 644 labitur
479 579 613 662 ferrum,
636 579 745 643 tremit
767 577 911 662 dextera,
937 600 1028 642 mens
1051 579 1184 648 fatiscit.

216 689 234 732 0
257 687 352 750 quam
374 663 504 729 difficile
527 668 576 729 est
602 663 727 727 miseris
755 662 854 726 etiam
875 663 1010 745 perirel'
1049 685 1125 748 ergo
1147 669 1188 728 ut

190 752 341 816 sclausae
372 749 513 813 cassibus
535 748 622 811 ferae
645 746 788 831 quaesito
812 747 866 810 diu
895 747 983 810 exitu
1005 748 1187 830 desperato-

216 856 277 920 que
300 834 482 898 consistunt
509 836 542 896 et
563 853 640 915 prae
662 833 776 896 timore
802 851 868 894 non
889 831 1032 914 fugiunt,
1060 833 1108 895 ita
1129 831 1189 896 ille

215 921 286 1003 ipso
301 939 362 1001 quo
385 917 570 1001 agitabatur
591 919 678 980 metu
692 915 844 1000 alligatus
866 915 901 978 in
916 915 1068 998 oppidum
1083 919 1189 980 semet

216 1002 421 1086 Aquileiense
443 1001 635 1084 praecipitat
658 1021 724 1063 non
745 1002 782 1063 ut
802 999 904 1063 uitam
931 999 1109 1064 resistendo
1133 999 1188 1064 de-

215 1086 371 1167 fenderet,
396 1084 451 1148 sed
473 1106 514 1148 ne
536 1105 673 1167 poenam
693 1083 881 1148 frustrando
895 1081 1046 1148 differret.
1075 1106 1188 1167 quam·

179 1191 204 1231 ro
217 1192 312 1255 quam
339 1190 419 1253 quae
447 1172 573 1251 poterat
599 1169 732 1232 ulterior
760 1188 830 1245 esse
857 1167 993 1232 dilatio?
1037 1189 1109 1232 cum
1139 1171 1188 1240 ita

217 1254 361 1339 uestigiis
395 1255 462 1316 eius
496 1274 532 1316 ac
559 1256 651 1338 tergo
685 1253 799 1316 ardens
833 1252 925 1316 miles
954 1253 1119 1317 insisteret
1149 1258 1189 1317 ut

217 1360 318 1424 paene
346 1358 474 1402 omnem
502 1358 582 1421 quae
611 1340 660 1402 est
686 1339 794 1402 secuta
816 1357 969 1420 pompam
995 1336 1075 1401 ultio
1096 1337 1187 1401 festi·

217 1426 295 1488 nata
339 1422 526 1505 raeceperit.
1081 1421 1087 1428 '

281 1445 432 1570 xixlx.
484 1505 584 1570 Recte
606 1505 751 1588 profecto
773 1525 928 1602 germana
949 1505 1005 1570 illa
1025 1505 1187 1588 pictorum

180 1611 205 1652 15
218 1595 445 1674 poetarumque
469 1593 650 1654 commenta
666 1588 845 1654 Uictorram
865 1590 985 1654 finxere
1007 1591 1188 1674 pinnatam,

219 1675 302 1758 quod
316 1673 483 1738 homiuum
507 1695 579 1738 cum
593 1673 724 1738 fortuna
745 1675 890 1738 euntium
912 1695 977 1738 non
999 1695 1108 1738 cursus
1128 1677 1189 1760 est,

219 1760 274 1824 sed
296 1759 433 1823 uolatus.
478 1758 532 1822 ille
560 1758 599 1822 ab
627 1758 741 1822 ultimo
768 1758 902 1823 orientis
930 1759 1003 1822 sinu
1025 1758 1188 1824 festinatis

218 1844 386 1908 itineribus
408 1845 518 1926 raptus
538 1842 705 1924 exercitus,
729 1847 778 1906 tot
799 1843 984 1906 nationibus
1006 1843 1189 1926 relinquen-

219 1928 282 2010 dis,
310 1930 360 1991 tot
380 1927 564 2000 fluminibus
592 1927 777 2008 enatandis,
805 1930 855 1991 tot
879 1925 1068 1991 scandendis
1098 1949 1188 1991 mon·

181 2032 206 2072 uo
218 2013 305 2077 tibus
319 2011 485 2095 fatigatus,
506 2011 542 2074 in
562 2011 625 2075 alio
640 2011 716 2076 orbe
737 2014 769 2074 et
784 2012 842 2075 sub
858 2011 920 2075 alio
935 2033 1037 2094 paene
1053 2011 1189 2075 dixerim

219 2096 285 2160 sole
329 2097 443 2176 ositus,
473 2095 578 2176 spatio
603 2095 683 2158 lucis
713 2095 805 2159 unius
829 2094 956 2178 illyrico
986 2095 1190 2159 continuauit

219 2119 410 2262 Aquiibiam.
447 2177 529 2241 nihil
550 2181 659 2242 tamen
683 2179 811 2243 sibimet
832 2177 894 2244 hoc
915 2181 1046 2243 nornine
1068 2179 1189 2244 milites

218 2265 266 2327 tui
288 2260 456 2326 uindicant
478 2265 520 2344 et,
544 2263 571 2326 si
594 2263 721 2346 quando
743 2263 932 2327 mirantium
955 2264 1090 2328 circulos
1113 2285 1189 2329 con-

219 2347 354 2412 trahunt
389 2349 445 2411 aut
482 2347 632 2411 conuiuia
667 2351 779 2411 nostra
815 2368 960 2412 sermone
993 2348 1188 2430 producunt,

180 2450 207 2492 as
220 2452 349 2516 operam
375 2452 503 2495 omnem
532 2453 622 2496 suam
649 2431 713 2495 fine
738 2431 870 2514 Alpium
898 2432 1108 2496 terminantes
1137 2432 1192 2497 de

218 2516 288 2580 beri
317 2515 378 2578 sibi
402 2515 548 2578 abnuunt
574 2516 666 2579 illam
694 2515 903 2594 celeritatem,
935 2516 1020 2598 quod
1042 2519 1192 2600 expertes

219 2598 365 2664 laborum
379 2599 564 2682 peruenisse
584 2621 618 2663 se
633 2599 774 2664 uiderint
787 2621 850 2683 quo
866 2600 912 2663 ire
929 2615 1000 2662 non·
1012 2603 1190 2666 senserant.

220 2688 344 2768 negant
371 2683 469 2747 immo
498 2704 531 2747 se
560 2685 625 2748 suis
655 2686 765 2748 uectos
795 2704 863 2747 esse
890 2683 1091 2766 corporibus,
1121 2685 1191 2768 sed,

220 2772 383 2852 tamquam
405 2787 462 2850 per
484 2769 605 2851 aliquas
628 2767 785 2852 imagines
811 2768 1005 2832 somniorum
1026 2768 1195 2833 ferrentur

183 2871 209 2911 uo
223 2854 389 2933 absentes,
427 2852 610 2935 praebuisse
642 2852 844 2936 gestantibus
877 2853 982 2915 uentis
1015 2853 1193 2917 otiosorum

221 2937 398 3001 ministeria
425 2936 657 3000 membrorum
696 2958 757 3001 nec
778 2936 855 3000 fides
882 2955 1012 3020 auceps.
1057 2957 1134 3000 nam
1164 2939 1194 3001 si

222 3021 299 3085 olim
328 3021 430 3085 seueri
459 3021 619 3085 credidere
641 3022 776 3085 maiores
798 3018 948 3086 Oastoras
970 3020 1119 3105 geminos
1146 3022 1193 3084 al·

289 3241 515 3306 8aquilogiense
533 3241 556 3290 Δ
573 3242 606 3291 W
632 3240 636 3305 Ι
668 3240 775 3292 defend.
793 3242 920 3292 resiste
949 3239 959 3306 ll
990 3243 1022 3292 10
1040 3257 1102 3292 esse
1120 3242 1196 3293 ulte·

221 3309 277 3358 rior
296 3310 328 3355 W
345 3307 355 3374 ΙΙ
375 3312 406 3358 12
425 3305 564 3375 pompam]
584 3323 700 3374 poenam
718 3310 852 3360 Acidaliae
868 3305 878 3374 ss
897 3311 928 3360 13
946 3309 1099 3373 preceperit
1117 3309 1193 3360 Aw:

223 3377 348 3441 percepit
358 3377 386 3424 λ11
405 3379 423 3424 0
440 3378 463 3425 V
492 3375 502 3442 ss
533 3380 564 3426 14
587 3375 769 3440 germanieA
792 3377 913 3441 genuina
930 3375 1004 3426 Bert.
1034 3373 1045 3441 11
1076 3379 1108 3427 19
1127 3393 1195 3427 eua-

224 3442 341 3493 cuandis
357 3442 393 3504 Δ;
421 3459 500 3510 morp.
517 3444 550 3493 W
571 3439 608 3494 al.
628 3443 797 3494 euacuandis
826 3441 836 3509 ΙΙ
866 3445 898 3494 22
920 3443 1024 3494 milites
1042 3445 1085 3494 tui
1108 3460 1156 3495 om.
1176 3447 1200 3494 0-

222 3507 231 3574 ll
259 3512 292 3560 23
314 3509 509 3561 uindicauitc
543 3507 553 3576 ΙΙ
587 3513 621 3561 29
642 3512 781 3562 ferrentur
798 3511 821 3560 Δ
839 3513 870 3560 0:
899 3511 1053 3561 sererentur
1071 3512 1091 3558 B
1109 3513 1132 3560 V
1156 3511 1200 3562 fe-

222 3581 319 3627 rentur
335 3590 361 3626 w
