<?xml version="1.0" encoding="UTF-8"?>
<!DOCTYPE html PUBLIC "-//W3C//DTD XHTML 1.0 Transitional//EN"
    "http://www.w3.org/TR/xhtml1/DTD/xhtml1-transitional.dtd">
<html xmlns="http://www.w3.org/1999/xhtml" xml:lang="en" lang="en">
 <head>
  <title>
</title>
<meta http-equiv="Content-Type" content="text/html;charset=utf-8" />
  <meta name='ocr-system' content='tesseract 3.04.00' />
  <meta name='ocr-capabilities' content='ocr_page ocr_carea ocr_par ocr_line ocrx_word'/>
</head>
<body>
  <div class='ocr_page' id='page_1' title='image "./xiipanegyricila02baehgoog_0193.png"; bbox 0 0 2578 4000; ppageno 0'>
   <div class='ocr_carea' id='block_1_1' title="bbox 273 207 1053 274">
    <p class='ocr_par' dir='ltr' id='par_1_1' title="bbox 273 207 1053 274">
     <span class='ocr_line' id='line_1_1' title="bbox 273 207 1053 274; baseline 0.021 -16"><span class='ocrx_word' id='word_1_1' title='bbox 273 207 528 260; x_wconf 61' lang='lat' dir='ltr'>consummato</span> <span class='ocrx_word' id='word_1_2' title='bbox 547 207 719 264; x_wconf 77' lang='lat' dir='ltr'>aususro</span> <span class='ocrx_word' id='word_1_3' title='bbox 737 212 770 262; x_wconf 85' lang='lat' dir='ltr'>n.</span> <span class='ocrx_word' id='word_1_4' title='bbox 791 215 864 264; x_wconf 85' lang='lat'><strong>1-3.</strong></span> <span class='ocrx_word' id='word_1_5' title='bbox 993 209 1053 274; x_wconf 85' lang='lat'>161</span> 
     </span>
    </p>
   </div>
   <div class='ocr_carea' id='block_1_2' title="bbox 86 357 1140 2986">
    <p class='ocr_par' dir='ltr' id='par_1_2' title="bbox 86 357 1053 698">
     <span class='ocr_line' id='line_1_2' title="bbox 92 357 1053 444; baseline 0.004 -22"><span class='ocrx_word' id='word_1_6' title='bbox 92 359 173 438; x_wconf 85' lang='lat' dir='ltr'>deos,</span> <span class='ocrx_word' id='word_1_7' title='bbox 196 379 387 442; x_wconf 86' lang='lat' dir='ltr'>quamquam</span> <span class='ocrx_word' id='word_1_8' title='bbox 407 357 574 424; x_wconf 87' lang='lat' dir='ltr'>uniuersos</span> <span class='ocrx_word' id='word_1_9' title='bbox 594 361 702 424; x_wconf 85' lang='lat' dir='ltr'>animo</span> <span class='ocrx_word' id='word_1_10' title='bbox 720 359 869 444; x_wconf 84' lang='lat' dir='ltr'>colamus,</span> <span class='ocrx_word' id='word_1_11' title='bbox 891 360 1053 426; x_wconf 85' lang='lat' dir='ltr'>interdum</span> 
     </span>
     <span class='ocr_line' id='line_1_3' title="bbox 86 443 1052 529; baseline 0.007 -25"><span class='ocrx_word' id='word_1_12' title='bbox 86 447 196 508; x_wconf 83' lang='lat' dir='ltr'>temen</span> <span class='ocrx_word' id='word_1_13' title='bbox 222 443 257 508; x_wconf 91' lang='lat' dir='ltr'>in</span> <span class='ocrx_word' id='word_1_14' title='bbox 279 463 335 507; x_wconf 89' lang='lat' dir='ltr'>suo</span> <span class='ocrx_word' id='word_1_15' title='bbox 357 465 513 529; x_wconf 85' lang='lat' dir='ltr'>quemque</span> <span class='ocrx_word' id='word_1_16' title='bbox 535 443 656 528; x_wconf 90' lang='lat' dir='ltr'>templo</span> <span class='ocrx_word' id='word_1_17' title='bbox 684 465 721 509; x_wconf 91' lang='lat' dir='ltr'>ac</span> <span class='ocrx_word' id='word_1_18' title='bbox 744 443 818 510; x_wconf 86' lang='lat' dir='ltr'>sede</span> <span class='ocrx_word' id='word_1_19' title='bbox 843 465 1052 511; x_wconf 84' lang='lat' dir='ltr'>ueneremur:</span> 
     </span>
     <span class='ocr_line' id='line_1_4' title="bbox 93 527 1052 614; baseline 0.003 -22"><span class='ocrx_word' id='word_1_20' title='bbox 93 528 136 592; x_wconf 83' lang='lat' dir='ltr'>ita</span> <span class='ocrx_word' id='word_1_21' title='bbox 161 527 251 604; x_wconf 51' lang='lat' dir='ltr'>mihi,</span> <span class='ocrx_word' id='word_1_22' title='bbox 266 527 316 592; x_wconf 84' lang='lat' dir='ltr'>fas</span> <span class='ocrx_word' id='word_1_23' title='bbox 344 549 414 594; x_wconf 90' lang='lat' dir='ltr'>esse</span> <span class='ocrx_word' id='word_1_24' title='bbox 441 528 522 593; x_wconf 87' lang='lat' dir='ltr'>duco</span> <span class='ocrx_word' id='word_1_25' title='bbox 550 529 694 594; x_wconf 87' lang='lat' dir='ltr'>omnium</span> <span class='ocrx_word' id='word_1_26' title='bbox 722 529 906 613; x_wconf 75' lang='lat' dir='ltr'>principum</span> <span class='ocrx_word' id='word_1_27' title='bbox 932 531 1052 614; x_wconf 87' lang='lat' dir='ltr'>pietate</span> 
     </span>
     <span class='ocr_line' id='line_1_5' title="bbox 94 612 871 698; baseline 0.003 -22"><span class='ocrx_word' id='word_1_28' title='bbox 94 613 285 696; x_wconf 82' lang='lat' dir='ltr'>meminisse,</span> <span class='ocrx_word' id='word_1_29' title='bbox 308 612 455 678; x_wconf 82' lang='lat' dir='ltr'>laudibus</span> <span class='ocrx_word' id='word_1_30' title='bbox 478 612 638 678; x_wconf 87' lang='lat' dir='ltr'>celebrare</span> <span class='ocrx_word' id='word_1_31' title='bbox 660 617 871 698; x_wconf 87' lang='lat' dir='ltr'>praesentem.</span> 
     </span>
    </p>

    <p class='ocr_par' dir='ltr' id='par_1_3' title="bbox 91 697 1140 2566">
     <span class='ocr_line' id='line_1_6' title="bbox 151 697 1080 784; baseline -0.002 -22"><span class='ocrx_word' id='word_1_32' title='bbox 151 697 191 763; x_wconf 89' lang='lat' dir='ltr'>H.</span> <span class='ocrx_word' id='word_1_33' title='bbox 235 698 266 762; x_wconf 83' lang='lat' dir='ltr'>A</span> <span class='ocrx_word' id='word_1_34' title='bbox 293 698 398 781; x_wconf 89' lang='lat' dir='ltr'>primo</span> <span class='ocrx_word' id='word_1_35' title='bbox 424 699 524 784; x_wconf 82' lang='lat' dir='ltr'>igitur</span> <span class='ocrx_word' id='word_1_36' title='bbox 551 698 705 782; x_wconf 87' lang='lat' dir='ltr'>incipiam</span> <span class='ocrx_word' id='word_1_37' title='bbox 733 699 869 784; x_wconf 82' lang='lat' dir='ltr'>originis</span> <span class='ocrx_word' id='word_1_38' title='bbox 894 702 969 764; x_wconf 83' lang='lat' dir='ltr'>tuae</span> <span class='ocrx_word' id='word_1_39' title='bbox 995 717 1080 764; x_wconf 74' lang='lat' dir='ltr'>nuc</span> 
     </span>
     <span class='ocr_line' id='line_1_7' title="bbox 94 781 1133 882; baseline 0.002 -36"><span class='ocrx_word' id='word_1_40' title='bbox 94 781 188 880; x_wconf 73' lang='lat' dir='ltr'>mine,</span> <span class='ocrx_word' id='word_1_41' title='bbox 211 782 302 867; x_wconf 49' lang='lat' dir='ltr'>¹quod</span> <span class='ocrx_word' id='word_1_42' title='bbox 330 783 474 881; x_wconf 79' lang='lat' dir='ltr'>plerique</span> <span class='ocrx_word' id='word_1_43' title='bbox 502 782 610 881; x_wconf 80' lang='lat' dir='ltr'>adhuc</span> <span class='ocrx_word' id='word_1_44' title='bbox 633 783 772 852; x_wconf 85' lang='lat' dir='ltr'>fortasse</span> <span class='ocrx_word' id='word_1_45' title='bbox 793 785 966 882; x_wconf 79' lang='lat' dir='ltr'>nesciunt,</span> <span class='ocrx_word' id='word_1_46' title='bbox 998 784 1053 882; x_wconf 76' lang='lat' dir='ltr'>sed</span> <span class='ocrx_word' id='word_1_47' title='bbox 1131 811 1133 814; x_wconf 61' lang='grc'>’</span> 
     </span>
     <span class='ocr_line' id='line_1_8' title="bbox 94 868 1106 1039; baseline 0 -21"><span class='ocrx_word' id='word_1_48' title='bbox 94 869 354 1019; x_wconf 45' lang='lat' dir='ltr'>statuunt</span> <span class='ocrx_word' id='word_1_49' title='bbox 367 868 1054 1039; x_wconf 63' lang='lat' dir='ltr'>riurruuuulurtltuntr</span> <span class='ocrx_word' id='word_1_50' title='bbox 1103 976 1106 982; x_wconf 89' lang='lat'>-</span> 
     </span>
     <span class='ocr_line' id='line_1_9' title="bbox 93 1036 1053 1126; baseline 0.003 -25"><span class='ocrx_word' id='word_1_51' title='bbox 93 1037 167 1118; x_wconf 89' lang='lat' dir='ltr'>perii</span> <span class='ocrx_word' id='word_1_52' title='bbox 188 1036 325 1102; x_wconf 82' lang='lat' dir='ltr'>solutam</span> <span class='ocrx_word' id='word_1_53' title='bbox 352 1039 385 1102; x_wconf 89' lang='lat' dir='ltr'>et</span> <span class='ocrx_word' id='word_1_54' title='bbox 405 1039 564 1122; x_wconf 85' lang='lat' dir='ltr'>perditam</span> <span class='ocrx_word' id='word_1_55' title='bbox 586 1037 791 1126; x_wconf 87' lang='lat' dir='ltr'>disciplinam</span> <span class='ocrx_word' id='word_1_56' title='bbox 812 1040 934 1122; x_wconf 84' lang='lat' dir='ltr'>primus</span> <span class='ocrx_word' id='word_1_57' title='bbox 955 1038 1053 1106; x_wconf 89' lang='lat' dir='ltr'>refor-</span> 
     </span>
     <span class='ocr_line' id='line_1_10' title="bbox 93 1121 1092 1208; baseline -0.002 -23"><span class='ocrx_word' id='word_1_58' title='bbox 93 1121 186 1186; x_wconf 84' lang='lat' dir='ltr'>mauit</span> <span class='ocrx_word' id='word_1_59' title='bbox 207 1121 627 1208; x_wconf 67' lang='lat' dir='ltr'>immanesque.‚Gothorum</span> <span class='ocrx_word' id='word_1_60' title='bbox 655 1124 764 1208; x_wconf 89' lang='lat' dir='ltr'>copias</span> <span class='ocrx_word' id='word_1_61' title='bbox 786 1123 886 1188; x_wconf 89' lang='lat' dir='ltr'>Ponti</span> <span class='ocrx_word' id='word_1_62' title='bbox 906 1124 1053 1190; x_wconf 84' lang='lat' dir='ltr'>faucibus</span> <span class='ocrx_word' id='word_1_63' title='bbox 1067 1145 1092 1184; x_wconf 88' lang='lat' dir='ltr'>lo</span> 
     </span>
     <span class='ocr_line' id='line_1_11' title="bbox 93 1205 1052 1292; baseline 0.006 -23"><span class='ocrx_word' id='word_1_64' title='bbox 93 1208 123 1269; x_wconf 91' lang='lat' dir='ltr'>et</span> <span class='ocrx_word' id='word_1_65' title='bbox 141 1205 243 1272; x_wconf 86' lang='lat' dir='ltr'>Histri</span> <span class='ocrx_word' id='word_1_66' title='bbox 271 1228 325 1272; x_wconf 92' lang='lat' dir='ltr'>ore</span> <span class='ocrx_word' id='word_1_67' title='bbox 351 1211 522 1292; x_wconf 85' lang='lat' dir='ltr'>proruptas</span> <span class='ocrx_word' id='word_1_68' title='bbox 544 1211 630 1274; x_wconf 80' lang='lat' dir='ltr'>terre</span> <span class='ocrx_word' id='word_1_69' title='bbox 657 1209 801 1292; x_wconf 89' lang='lat' dir='ltr'>marique</span> <span class='ocrx_word' id='word_1_70' title='bbox 827 1209 961 1292; x_wconf 88' lang='lat' dir='ltr'>deleuit,</span> <span class='ocrx_word' id='word_1_71' title='bbox 993 1209 1052 1275; x_wconf 87' lang='lat' dir='ltr'>uti·</span> 
     </span>
     <span class='ocr_line' id='line_1_12' title="bbox 93 1291 1054 1370; baseline 0.003 -15"><span class='ocrx_word' id='word_1_72' title='bbox 93 1311 163 1355; x_wconf 81' lang='lat' dir='ltr'>nam</span> <span class='ocrx_word' id='word_1_73' title='bbox 189 1291 371 1358; x_wconf 72' lang='lat' dir='ltr'>diuturnior</span> <span class='ocrx_word' id='word_1_74' title='bbox 396 1295 556 1358; x_wconf 87' lang='lat' dir='ltr'>recreator</span> <span class='ocrx_word' id='word_1_75' title='bbox 583 1292 753 1370; x_wconf 90' lang='lat' dir='ltr'>hominum</span> <span class='ocrx_word' id='word_1_76' title='bbox 801 1315 875 1358; x_wconf 86' lang='lat' dir='ltr'>uam</span> <span class='ocrx_word' id='word_1_77' title='bbox 901 1294 1054 1358; x_wconf 85' lang='lat' dir='ltr'>maturior</span> 
     </span>
     <span class='ocr_line' id='line_1_13' title="bbox 93 1315 1054 1462; baseline 0.004 -24"><span class='ocrx_word' id='word_1_78' title='bbox 93 1374 217 1442; x_wconf 87' lang='lat' dir='ltr'>deorum</span> <span class='ocrx_word' id='word_1_79' title='bbox 241 1398 356 1443; x_wconf 88' lang='lat' dir='ltr'>comes.</span> <span class='ocrx_word' id='word_1_80' title='bbox 392 1378 538 1462; x_wconf 89' lang='lat' dir='ltr'>quamuis</span> <span class='ocrx_word' id='word_1_81' title='bbox 560 1377 661 1462; x_wconf 84' lang='lat' dir='ltr'>igitur</span> <span class='ocrx_word' id='word_1_82' title='bbox 681 1377 737 1442; x_wconf 89' lang='lat' dir='ltr'>ille</span> <span class='ocrx_word' id='word_1_83' title='bbox 758 1315 964 1444; x_wconf 59' lang='lat' dir='ltr'>feticissimus</span> <span class='ocrx_word' id='word_1_84' title='bbox 986 1377 1054 1442; x_wconf 85' lang='lat' dir='ltr'>dies</span> 
     </span>
     <span class='ocr_line' id='line_1_14' title="bbox 93 1461 1054 1547; baseline 0.002 -23"><span class='ocrx_word' id='word_1_85' title='bbox 93 1462 230 1543; x_wconf 86' lang='lat' dir='ltr'>proxima</span> <span class='ocrx_word' id='word_1_86' title='bbox 256 1463 413 1546; x_wconf 79' lang='lat' dir='ltr'>religione.</span> <span class='ocrx_word' id='word_1_87' title='bbox 439 1461 618 1527; x_wconf 89' lang='lat' dir='ltr'>celebratus</span> <span class='ocrx_word' id='word_1_88' title='bbox 640 1461 768 1547; x_wconf 85' lang='lat' dir='ltr'>imperii</span> <span class='ocrx_word' id='word_1_89' title='bbox 789 1463 837 1526; x_wconf 86' lang='lat' dir='ltr'>tui</span> <span class='ocrx_word' id='word_1_90' title='bbox 858 1461 976 1528; x_wconf 85' lang='lat' dir='ltr'>natalis</span> <span class='ocrx_word' id='word_1_91' title='bbox 998 1462 1054 1528; x_wconf 86' lang='lat' dir='ltr'>ha·</span> 
     </span>
     <span class='ocr_line' id='line_1_15' title="bbox 93 1545 1092 1632; baseline -0.002 -25"><span class='ocrx_word' id='word_1_92' title='bbox 93 1545 209 1632; x_wconf 83' lang='lat' dir='ltr'>beetur,</span> <span class='ocrx_word' id='word_1_93' title='bbox 231 1547 385 1631; x_wconf 88' lang='lat' dir='ltr'>quoniam</span> <span class='ocrx_word' id='word_1_94' title='bbox 407 1549 440 1611; x_wconf 88' lang='lat' dir='ltr'>te</span> <span class='ocrx_word' id='word_1_95' title='bbox 461 1547 524 1612; x_wconf 89' lang='lat' dir='ltr'>isto</span> <span class='ocrx_word' id='word_1_96' title='bbox 547 1545 661 1618; x_wconf 83' lang='lat' dir='ltr'>habitu</span> <span class='ocrx_word' id='word_1_97' title='bbox 682 1546 803 1631; x_wconf 90' lang='lat' dir='ltr'>primus</span> <span class='ocrx_word' id='word_1_98' title='bbox 826 1548 964 1630; x_wconf 86' lang='lat' dir='ltr'>ornauit,</span> <span class='ocrx_word' id='word_1_99' title='bbox 990 1547 1054 1612; x_wconf 85' lang='lat' dir='ltr'>iam</span> <span class='ocrx_word' id='word_1_100' title='bbox 1067 1565 1092 1606; x_wconf 84' lang='lat'>15</span> 
     </span>
     <span class='ocr_line' id='line_1_16' title="bbox 92 1631 1055 1718; baseline 0.001 -23"><span class='ocrx_word' id='word_1_101' title='bbox 92 1631 194 1696; x_wconf 82' lang='lat' dir='ltr'>tamen</span> <span class='ocrx_word' id='word_1_102' title='bbox 215 1631 258 1696; x_wconf 85' lang='lat' dir='ltr'>ab</span> <span class='ocrx_word' id='word_1_103' title='bbox 274 1631 337 1718; x_wconf 84' lang='lat' dir='ltr'>illo</span> <span class='ocrx_word' id='word_1_104' title='bbox 358 1631 487 1718; x_wconf 83' lang='lat' dir='ltr'>generis</span> <span class='ocrx_word' id='word_1_105' title='bbox 513 1635 642 1698; x_wconf 86' lang='lat' dir='ltr'>auctore</span> <span class='ocrx_word' id='word_1_106' title='bbox 664 1631 699 1696; x_wconf 85' lang='lat' dir='ltr'>in</span> <span class='ocrx_word' id='word_1_107' title='bbox 720 1635 753 1696; x_wconf 85' lang='lat' dir='ltr'>te</span> <span class='ocrx_word' id='word_1_108' title='bbox 768 1632 902 1715; x_wconf 58' lang='lat' dir='ltr'>‘imperii</span> <span class='ocrx_word' id='word_1_109' title='bbox 924 1633 1055 1697; x_wconf 84' lang='lat' dir='ltr'>fortuna</span> 
     </span>
     <span class='ocr_line' id='line_1_17' title="bbox 91 1709 1055 1801; baseline 0.002 -23"><span class='ocrx_word' id='word_1_110' title='bbox 91 1709 264 1782; x_wconf 62' lang='lat' dir='ltr'>descendit]</span> <span class='ocrx_word' id='word_1_111' title='bbox 287 1717 367 1800; x_wconf 90' lang='lat' dir='ltr'>quin</span> <span class='ocrx_word' id='word_1_112' title='bbox 389 1717 487 1782; x_wconf 90' lang='lat' dir='ltr'>immo</span> <span class='ocrx_word' id='word_1_113' title='bbox 509 1717 614 1801; x_wconf 91' lang='lat' dir='ltr'>ipsum</span> <span class='ocrx_word' id='word_1_114' title='bbox 629 1720 755 1800; x_wconf 88' lang='lat' dir='ltr'>patrem</span> <span class='ocrx_word' id='word_1_115' title='bbox 769 1719 860 1781; x_wconf 89' lang='lat' dir='ltr'>tuum</span> <span class='ocrx_word' id='word_1_116' title='bbox 881 1719 975 1782; x_wconf 89' lang='lat' dir='ltr'>uetus</span> <span class='ocrx_word' id='word_1_117' title='bbox 997 1717 1055 1798; x_wconf 72' lang='lat' dir='ltr'>illa</span> 
     </span>
     <span class='ocr_line' id='line_1_18' title="bbox 93 1798 1054 1887; baseline 0.001 -25"><span class='ocrx_word' id='word_1_118' title='bbox 93 1798 311 1884; x_wconf 75' lang='lat' dir='ltr'>imperatoriae</span> <span class='ocrx_word' id='word_1_119' title='bbox 339 1801 450 1867; x_wconf 88' lang='lat' dir='ltr'>domus</span> <span class='ocrx_word' id='word_1_120' title='bbox 477 1801 706 1887; x_wconf 83' lang='lat' dir='ltr'>praerogatiua</span> <span class='ocrx_word' id='word_1_121' title='bbox 731 1801 892 1886; x_wconf 85' lang='lat' dir='ltr'>prouexit,</span> <span class='ocrx_word' id='word_1_122' title='bbox 927 1803 963 1864; x_wconf 88' lang='lat' dir='ltr'>ut</span> <span class='ocrx_word' id='word_1_123' title='bbox 989 1800 1054 1864; x_wconf 87' lang='lat' dir='ltr'>iam</span> 
     </span>
     <span class='ocr_line' id='line_1_19' title="bbox 93 1884 1055 1972; baseline 0.001 -24"><span class='ocrx_word' id='word_1_124' title='bbox 93 1904 209 1952; x_wconf 87' lang='lat' dir='ltr'>summo</span> <span class='ocrx_word' id='word_1_125' title='bbox 231 1885 335 1972; x_wconf 88' lang='lat' dir='ltr'>gradu</span> <span class='ocrx_word' id='word_1_126' title='bbox 358 1890 391 1952; x_wconf 90' lang='lat' dir='ltr'>et</span> <span class='ocrx_word' id='word_1_127' title='bbox 412 1908 508 1972; x_wconf 86' lang='lat' dir='ltr'>supra</span> <span class='ocrx_word' id='word_1_128' title='bbox 528 1884 740 1952; x_wconf 86' lang='lat' dir='ltr'>humanarum</span> <span class='ocrx_word' id='word_1_129' title='bbox 761 1889 868 1950; x_wconf 87' lang='lat' dir='ltr'>rerum</span> <span class='ocrx_word' id='word_1_130' title='bbox 890 1884 959 1950; x_wconf 84' lang='lat' dir='ltr'>fata</span> <span class='ocrx_word' id='word_1_131' title='bbox 981 1905 1055 1949; x_wconf 90' lang='lat' dir='ltr'>con·</span> 
     </span>
     <span class='ocr_line' id='line_1_20' title="bbox 93 1968 1093 2058; baseline 0 -27"><span class='ocrx_word' id='word_1_132' title='bbox 93 1968 230 2056; x_wconf 85' lang='lat' dir='ltr'>sisteres,</span> <span class='ocrx_word' id='word_1_133' title='bbox 265 1974 341 2058; x_wconf 87' lang='lat' dir='ltr'>post</span> <span class='ocrx_word' id='word_1_134' title='bbox 366 1972 445 2048; x_wconf 88' lang='lat' dir='ltr'>duos</span> <span class='ocrx_word' id='word_1_135' title='bbox 473 1970 617 2036; x_wconf 86' lang='lat' dir='ltr'>familiae</span> <span class='ocrx_word' id='word_1_136' title='bbox 644 1974 718 2036; x_wconf 87' lang='lat' dir='ltr'>tuac</span> <span class='ocrx_word' id='word_1_137' title='bbox 750 1971 912 2055; x_wconf 71' lang='lat' dir='ltr'>principes</span> <span class='ocrx_word' id='word_1_138' title='bbox 941 1969 1054 2034; x_wconf 86' lang='lat' dir='ltr'>tertius</span> <span class='ocrx_word' id='word_1_139' title='bbox 1067 1989 1093 2030; x_wconf 63' lang='grc' dir='ltr'>ιο</span> 
     </span>
     <span class='ocr_line' id='line_1_21' title="bbox 93 2051 1140 2149; baseline 0 -31"><span class='ocrx_word' id='word_1_140' title='bbox 93 2051 271 2138; x_wconf 85' lang='lat' dir='ltr'>imperator.</span> <span class='ocrx_word' id='word_1_141' title='bbox 310 2057 397 2122; x_wconf 88' lang='lat' dir='ltr'>inter</span> <span class='ocrx_word' id='word_1_142' title='bbox 422 2077 550 2139; x_wconf 89' lang='lat' dir='ltr'>omnes,</span> <span class='ocrx_word' id='word_1_143' title='bbox 573 2057 723 2141; x_wconf 84' lang='lat' dir='ltr'>inquam,</span> <span class='ocrx_word' id='word_1_144' title='bbox 746 2055 920 2140; x_wconf 76' lang='lat' dir='ltr'>participes</span> <span class='ocrx_word' id='word_1_145' title='bbox 942 2054 1054 2120; x_wconf 86' lang='lat' dir='ltr'>maies-</span> <span class='ocrx_word' id='word_1_146' title='bbox 1133 2130 1140 2149; x_wconf 43' lang='lat'><strong>·</strong></span> 
     </span>
     <span class='ocr_line' id='line_1_22' title="bbox 92 2138 1055 2226; baseline -0.002 -22"><span class='ocrx_word' id='word_1_147' title='bbox 92 2138 164 2206; x_wconf 79' lang='lat' dir='ltr'>aus</span> <span class='ocrx_word' id='word_1_148' title='bbox 184 2143 260 2208; x_wconf 88' lang='lat' dir='ltr'>tuae</span> <span class='ocrx_word' id='word_1_149' title='bbox 280 2140 343 2206; x_wconf 88' lang='lat' dir='ltr'>hoc</span> <span class='ocrx_word' id='word_1_150' title='bbox 363 2140 473 2225; x_wconf 86' lang='lat' dir='ltr'>habes,</span> <span class='ocrx_word' id='word_1_151' title='bbox 494 2139 716 2223; x_wconf 78' lang='lat' dir='ltr'>Constantine,</span> <span class='ocrx_word' id='word_1_152' title='bbox 742 2140 949 2226; x_wconf 87' lang='lat' dir='ltr'>praecipuum</span> <span class='ocrx_word' id='word_1_153' title='bbox 971 2138 1055 2223; x_wconf 89' lang='lat' dir='ltr'>quod</span> 
     </span>
     <span class='ocr_line' id='line_1_23' title="bbox 92 2220 1102 2393; baseline 0.001 -21"><span class='ocrx_word' id='word_1_154' title='bbox 92 2220 652 2378; x_wconf 48' lang='lat' dir='ltr'>taurustaurus}</span> <span class='ocrx_word' id='word_1_155' title='bbox 665 2224 1056 2393; x_wconf 64' lang='lat' dir='ltr'>abircitius</span> <span class='ocrx_word' id='word_1_156' title='bbox 1099 2256 1102 2262; x_wconf 80' lang='grc'>’</span> 
     </span>
     <span class='ocr_line' id='line_1_24' title="bbox 91 2389 1093 2479; baseline -0.003 -25"><span class='ocrx_word' id='word_1_157' title='bbox 91 2389 217 2462; x_wconf 85' lang='lat' dir='ltr'>fortuna</span> <span class='ocrx_word' id='word_1_158' title='bbox 240 2395 367 2460; x_wconf 91' lang='lat' dir='ltr'>numini</span> <span class='ocrx_word' id='word_1_159' title='bbox 384 2399 439 2460; x_wconf 89' lang='lat' dir='ltr'>tuo</span> <span class='ocrx_word' id='word_1_160' title='bbox 460 2395 618 2478; x_wconf 80' lang='lat' dir='ltr'>imputare</span> <span class='ocrx_word' id='word_1_161' title='bbox 640 2415 702 2479; x_wconf 88' lang='lat' dir='ltr'>qno</span> <span class='ocrx_word' id='word_1_162' title='bbox 739 2397 830 2460; x_wconf 91' lang='lat' dir='ltr'>tuum</span> <span class='ocrx_word' id='word_1_163' title='bbox 852 2397 911 2476; x_wconf 86' lang='lat' dir='ltr'>est,</span> <span class='ocrx_word' id='word_1_164' title='bbox 935 2393 1052 2458; x_wconf 89' lang='lat' dir='ltr'>omisso</span> <span class='ocrx_word' id='word_1_165' title='bbox 1068 2411 1093 2452; x_wconf 77' lang='lat' dir='ltr'>aa</span> 
     </span>
     <span class='ocr_line' id='line_1_25' title="bbox 92 2477 525 2566; baseline 0.014 -26"><span class='ocrx_word' id='word_1_166' title='bbox 92 2477 209 2544; x_wconf 82' lang='lat' dir='ltr'>ambitu</span> <span class='ocrx_word' id='word_1_167' title='bbox 232 2483 266 2546; x_wconf 91' lang='lat' dir='ltr'>et</span> <span class='ocrx_word' id='word_1_168' title='bbox 286 2480 525 2566; x_wconf 81' lang='lat' dir='ltr'>suffragatione.</span> 
     </span>
    </p>

    <p class='ocr_par' dir='ltr' id='par_1_4' title="bbox 92 2563 1097 2986">
     <span class='ocr_line' id='line_1_26' title="bbox 150 2563 1055 2646; baseline -0.002 -19"><span class='ocrx_word' id='word_1_169' title='bbox 150 2563 210 2630; x_wconf 87' lang='lat' dir='ltr'><strong>III.</strong></span> <span class='ocrx_word' id='word_1_170' title='bbox 255 2563 331 2630; x_wconf 89' lang='lat' dir='ltr'>Non</span> <span class='ocrx_word' id='word_1_171' title='bbox 353 2565 486 2630; x_wconf 83' lang='lat' dir='ltr'>fortuita</span> <span class='ocrx_word' id='word_1_172' title='bbox 506 2564 673 2630; x_wconf 88' lang='lat' dir='ltr'>hominum</span> <span class='ocrx_word' id='word_1_173' title='bbox 701 2563 887 2646; x_wconf 81' lang='lat' dir='ltr'>consensio,</span> <span class='ocrx_word' id='word_1_174' title='bbox 918 2583 984 2626; x_wconf 90' lang='lat' dir='ltr'>non</span> <span class='ocrx_word' id='word_1_175' title='bbox 1006 2582 1055 2626; x_wconf 88' lang='lat' dir='ltr'>rc·</span> 
     </span>
     <span class='ocr_line' id='line_1_27' title="bbox 92 2646 1062 2734; baseline 0 -22"><span class='ocrx_word' id='word_1_176' title='bbox 92 2649 239 2728; x_wconf 85' lang='lat' dir='ltr'>pentinus</span> <span class='ocrx_word' id='word_1_177' title='bbox 269 2649 383 2734; x_wconf 85' lang='lat' dir='ltr'>aliquis</span> <span class='ocrx_word' id='word_1_178' title='bbox 410 2649 532 2716; x_wconf 82' lang='lat' dir='ltr'>fauoris</span> <span class='ocrx_word' id='word_1_179' title='bbox 560 2653 677 2714; x_wconf 86' lang='lat' dir='ltr'>uentus</span> <span class='ocrx_word' id='word_1_180' title='bbox 705 2652 738 2714; x_wconf 89' lang='lat' dir='ltr'>te</span> <span class='ocrx_word' id='word_1_181' title='bbox 759 2648 940 2733; x_wconf 89' lang='lat' dir='ltr'>principem</span> <span class='ocrx_word' id='word_1_182' title='bbox 961 2646 1062 2712; x_wconf 75' lang='lat' dir='ltr'>fecitr·</span> 
     </span>
     <span class='ocr_line' id='line_1_28' title="bbox 92 2729 1056 2819; baseline 0 -24"><span class='ocrx_word' id='word_1_183' title='bbox 92 2729 259 2817; x_wconf 86' lang='lat' dir='ltr'>imperium</span> <span class='ocrx_word' id='word_1_184' title='bbox 295 2734 456 2800; x_wconf 87' lang='lat' dir='ltr'>nascendo</span> <span class='ocrx_word' id='word_1_185' title='bbox 491 2735 647 2800; x_wconf 87' lang='lat' dir='ltr'>meruisti.</span> <span class='ocrx_word' id='word_1_186' title='bbox 697 2733 784 2819; x_wconf 92' lang='lat' dir='ltr'>quod</span> <span class='ocrx_word' id='word_1_187' title='bbox 815 2732 943 2817; x_wconf 79' lang='lat' dir='ltr'>quidem</span> <span class='ocrx_word' id='word_1_188' title='bbox 976 2731 1056 2796; x_wconf 90' lang='lat' dir='ltr'>mihi</span> 
     </span>
     <span class='ocr_line' id='line_1_29' title="bbox 93 2813 1097 2902; baseline -0.001 -25"><span class='ocrx_word' id='word_1_189' title='bbox 93 2813 219 2884; x_wconf 88' lang='lat' dir='ltr'>deorum</span> <span class='ocrx_word' id='word_1_190' title='bbox 247 2819 478 2885; x_wconf 84' lang='lat' dir='ltr'>immortalium</span> <span class='ocrx_word' id='word_1_191' title='bbox 505 2841 621 2884; x_wconf 88' lang='lat' dir='ltr'>munus</span> <span class='ocrx_word' id='word_1_192' title='bbox 647 2821 680 2883; x_wconf 90' lang='lat' dir='ltr'>et</span> <span class='ocrx_word' id='word_1_193' title='bbox 701 2817 840 2902; x_wconf 88' lang='lat' dir='ltr'>primum</span> <span class='ocrx_word' id='word_1_194' title='bbox 870 2815 997 2880; x_wconf 88' lang='lat' dir='ltr'>uidetur</span> <span class='ocrx_word' id='word_1_195' title='bbox 1024 2816 1056 2879; x_wconf 90' lang='lat' dir='ltr'>ct</span> <span class='ocrx_word' id='word_1_196' title='bbox 1069 2833 1097 2874; x_wconf 84' lang='lat' dir='ltr'>ao</span> 
     </span>
     <span class='ocr_line' id='line_1_30' title="bbox 92 2900 1056 2986; baseline -0.002 -23"><span class='ocrx_word' id='word_1_197' title='bbox 92 2903 280 2986; x_wconf 81' lang='lat' dir='ltr'>maximum,</span> <span class='ocrx_word' id='word_1_198' title='bbox 318 2904 352 2969; x_wconf 91' lang='lat' dir='ltr'>in</span> <span class='ocrx_word' id='word_1_199' title='bbox 381 2905 485 2969; x_wconf 90' lang='lat' dir='ltr'>lucem</span> <span class='ocrx_word' id='word_1_200' title='bbox 517 2904 626 2968; x_wconf 87' lang='lat' dir='ltr'>statim</span> <span class='ocrx_word' id='word_1_201' title='bbox 658 2902 769 2966; x_wconf 89' lang='lat' dir='ltr'>uenire</span> <span class='ocrx_word' id='word_1_202' title='bbox 798 2900 926 2966; x_wconf 88' lang='lat' dir='ltr'>felicem</span> <span class='ocrx_word' id='word_1_203' title='bbox 959 2902 991 2962; x_wconf 88' lang='lat' dir='ltr'>et</span> <span class='ocrx_word' id='word_1_204' title='bbox 1017 2919 1056 2962; x_wconf 85' lang='lat' dir='ltr'>ec</span> 
     </span>
    </p>
   </div>
   <div class='ocr_carea' id='block_1_3' title="bbox 90 3071 1060 3617">
    <p class='ocr_par' dir='ltr' id='par_1_5' title="bbox 90 3071 1060 3617">
     <span class='ocr_line' id='line_1_31' title="bbox 159 3071 1057 3142; baseline -0.004 -19"><span class='ocrx_word' id='word_1_205' title='bbox 159 3078 171 3123; x_wconf 95' lang='lat'>1</span> <span class='ocrx_word' id='word_1_206' title='bbox 192 3077 282 3128; x_wconf 83' lang='lat' dir='ltr'>animo</span> <span class='ocrx_word' id='word_1_207' title='bbox 294 3091 334 3126; x_wconf 81' lang='lat' dir='ltr'>w:</span> <span class='ocrx_word' id='word_1_208' title='bbox 353 3077 458 3128; x_wconf 85' lang='lat' dir='ltr'>animos</span> <span class='ocrx_word' id='word_1_209' title='bbox 470 3078 496 3126; x_wconf 74' lang='lat' dir='ltr'>n</span> <span class='ocrx_word' id='word_1_210' title='bbox 509 3074 519 3142; x_wconf 83' lang='grc' dir='ltr'>ΙΙ</span> <span class='ocrx_word' id='word_1_211' title='bbox 532 3078 547 3126; x_wconf 77' lang='lat'><strong>2</strong></span> <span class='ocrx_word' id='word_1_212' title='bbox 567 3091 584 3126; x_wconf 84' lang='lat' dir='ltr'>a</span> <span class='ocrx_word' id='word_1_213' title='bbox 598 3075 659 3128; x_wconf 84' lang='lat' dir='ltr'>sede</span> <span class='ocrx_word' id='word_1_214' title='bbox 671 3079 688 3125; x_wconf 89' lang='lat' dir='ltr'>c</span> <span class='ocrx_word' id='word_1_215' title='bbox 701 3073 740 3142; x_wconf 70' lang='lat' dir='ltr'>{lt</span> <span class='ocrx_word' id='word_1_216' title='bbox 755 3075 846 3125; x_wconf 77' lang='lat' dir='ltr'>dicct</span> <span class='ocrx_word' id='word_1_217' title='bbox 861 3071 866 3138; x_wconf 89' lang='grc' dir='ltr'>Ι</span> <span class='ocrx_word' id='word_1_218' title='bbox 881 3073 1015 3138; x_wconf 82' lang='lat' dir='ltr'>pietatem</span> <span class='ocrx_word' id='word_1_219' title='bbox 1032 3085 1057 3119; x_wconf 78' lang='lat' dir='ltr'>w</span> 
     </span>
     <span class='ocr_line' id='line_1_32' title="bbox 94 3134 1056 3210; baseline -0.002 -19"><span class='ocrx_word' id='word_1_220' title='bbox 94 3134 107 3201; x_wconf 81' lang='lat' dir='ltr'>ll</span> <span class='ocrx_word' id='word_1_221' title='bbox 125 3141 141 3190; x_wconf 81' lang='grc'><strong>8</strong></span> <span class='ocrx_word' id='word_1_222' title='bbox 159 3149 254 3194; x_wconf 84' lang='lat' dir='ltr'>manat</span> <span class='ocrx_word' id='word_1_223' title='bbox 271 3146 294 3195; x_wconf 89' lang='lat' dir='ltr'>A</span> <span class='ocrx_word' id='word_1_224' title='bbox 306 3145 339 3194; x_wconf 75' lang='lat' dir='ltr'>W</span> <span class='ocrx_word' id='word_1_225' title='bbox 350 3144 442 3196; x_wconf 76' lang='lat' dir='ltr'>Berc:</span> <span class='ocrx_word' id='word_1_226' title='bbox 460 3149 553 3196; x_wconf 83' lang='lat' dir='ltr'>manet</span> <span class='ocrx_word' id='word_1_227' title='bbox 569 3141 671 3210; x_wconf 67' lang='grc' dir='ltr'><strong>ΒΉΙΙ</strong></span> <span class='ocrx_word' id='word_1_228' title='bbox 685 3144 716 3193; x_wconf 74' lang='lat'>12</span> <span class='ocrx_word' id='word_1_229' title='bbox 735 3146 872 3194; x_wconf 82' lang='lat' dir='ltr'>recreatur</span> <span class='ocrx_word' id='word_1_230' title='bbox 888 3140 911 3190; x_wconf 98' lang='lat' dir='ltr'>A</span> <span class='ocrx_word' id='word_1_231' title='bbox 923 3137 933 3206; x_wconf 89' lang='lat' dir='ltr'>l</span> <span class='ocrx_word' id='word_1_232' title='bbox 947 3141 978 3191; x_wconf 83' lang='lat'>15</span> <span class='ocrx_word' id='word_1_233' title='bbox 996 3139 1056 3204; x_wconf 86' lang='lat' dir='ltr'>ipso</span> 
     </span>
     <span class='ocr_line' id='line_1_33' title="bbox 93 3204 1058 3278; baseline 0 -23"><span class='ocrx_word' id='word_1_234' title='bbox 93 3204 155 3262; x_wconf 77' lang='lat' dir='ltr'>tab.</span> <span class='ocrx_word' id='word_1_235' title='bbox 173 3212 196 3259; x_wconf 89' lang='lat' dir='ltr'>A</span> <span class='ocrx_word' id='word_1_236' title='bbox 219 3209 230 3277; x_wconf 73' lang='lat' dir='ltr'>fl</span> <span class='ocrx_word' id='word_1_237' title='bbox 254 3214 285 3263; x_wconf 75' lang='lat'>17</span> <span class='ocrx_word' id='word_1_238' title='bbox 303 3213 312 3262; x_wconf 90' lang='lat' dir='ltr'>i</span> <span class='ocrx_word' id='word_1_239' title='bbox 334 3229 393 3265; x_wconf 86' lang='lat' dir='ltr'>sum</span> <span class='ocrx_word' id='word_1_240' title='bbox 410 3220 469 3264; x_wconf 77' lang='lat' dir='ltr'>cale</span> <span class='ocrx_word' id='word_1_241' title='bbox 488 3216 594 3278; x_wconf 82' lang='lat' dir='ltr'>patrem</span> <span class='ocrx_word' id='word_1_242' title='bbox 611 3213 634 3261; x_wconf 91' lang='lat' dir='ltr'>A</span> <span class='ocrx_word' id='word_1_243' title='bbox 646 3212 678 3261; x_wconf 84' lang='lat' dir='ltr'>W</span> <span class='ocrx_word' id='word_1_244' title='bbox 693 3209 777 3272; x_wconf 63' lang='lat' dir='ltr'>Bere„</span> <span class='ocrx_word' id='word_1_245' title='bbox 799 3216 859 3275; x_wconf 75' lang='lat' dir='ltr'>post</span> <span class='ocrx_word' id='word_1_246' title='bbox 876 3214 953 3260; x_wconf 88' lang='lat' dir='ltr'>tuum</span> <span class='ocrx_word' id='word_1_247' title='bbox 970 3207 991 3256; x_wconf 74' lang='lat' dir='ltr'>B</span> <span class='ocrx_word' id='word_1_248' title='bbox 1004 3209 1022 3256; x_wconf 79' lang='lat'><strong>0</strong></span> <span class='ocrx_word' id='word_1_249' title='bbox 1035 3208 1058 3255; x_wconf 84' lang='lat' dir='ltr'>V</span> 
     </span>
     <span class='ocr_line' id='line_1_34' title="bbox 90 3229 1058 3355; baseline -0.001 -29"><span class='ocrx_word' id='word_1_250' title='bbox 90 3285 187 3355; x_wconf 63' lang='lat' dir='ltr'>ppnunr</span> <span class='ocrx_word' id='word_1_251' title='bbox 202 3276 213 3344; x_wconf 80' lang='grc' dir='ltr'>ΙΙ</span> <span class='ocrx_word' id='word_1_252' title='bbox 230 3282 262 3332; x_wconf 86' lang='grc'><strong>19</strong></span> <span class='ocrx_word' id='word_1_253' title='bbox 279 3229 356 3348; x_wconf 56' lang='lat' dir='ltr'>etse</span> <span class='ocrx_word' id='word_1_254' title='bbox 372 3280 396 3330; x_wconf 90' lang='lat' dir='ltr'>A</span> <span class='ocrx_word' id='word_1_255' title='bbox 410 3278 415 3346; x_wconf 88' lang='grc'><strong>1</strong></span> <span class='ocrx_word' id='word_1_256' title='bbox 430 3281 593 3332; x_wconf 82' lang='lat' dir='ltr'>consisteres</span> <span class='ocrx_word' id='word_1_257' title='bbox 610 3296 657 3331; x_wconf 87' lang='lat' dir='ltr'>om.</span> <span class='ocrx_word' id='word_1_258' title='bbox 670 3279 702 3328; x_wconf 80' lang='lat' dir='ltr'>W</span> <span class='ocrx_word' id='word_1_259' title='bbox 719 3276 777 3345; x_wconf 72' lang='lat'>{121</span> <span class='ocrx_word' id='word_1_260' title='bbox 797 3273 961 3344; x_wconf 83' lang='lat' dir='ltr'>participes]</span> <span class='ocrx_word' id='word_1_261' title='bbox 981 3275 1058 3341; x_wconf 90' lang='lat' dir='ltr'>prin·</span> 
     </span>
     <span class='ocr_line' id='line_1_35' title="bbox 95 3344 1057 3412; baseline -0.006 -13"><span class='ocrx_word' id='word_1_262' title='bbox 95 3346 207 3407; x_wconf 66' lang='lat' dir='ltr'>⁰¹pr</span> <span class='ocrx_word' id='word_1_263' title='bbox 219 3344 230 3412; x_wconf 79' lang='lat' dir='ltr'>l</span> <span class='ocrx_word' id='word_1_264' title='bbox 241 3349 274 3400; x_wconf 79' lang='lat'>23</span> <span class='ocrx_word' id='word_1_265' title='bbox 287 3353 350 3400; x_wconf 90' lang='lat' dir='ltr'>ortu</span> <span class='ocrx_word' id='word_1_266' title='bbox 362 3350 467 3400; x_wconf 80' lang='lat' dir='ltr'>addidi:</span> <span class='ocrx_word' id='word_1_267' title='bbox 480 3365 526 3399; x_wconf 87' lang='lat' dir='ltr'>cm.</span> <span class='ocrx_word' id='word_1_268' title='bbox 538 3351 566 3398; x_wconf 77' lang='lat'>1</span> <span class='ocrx_word' id='word_1_269' title='bbox 578 3351 661 3398; x_wconf 81' lang='lat' dir='ltr'>nctus</span> <span class='ocrx_word' id='word_1_270' title='bbox 675 3347 758 3398; x_wconf 81' lang='lat' dir='ltr'>Liuia.</span> <span class='ocrx_word' id='word_1_271' title='bbox 772 3349 848 3398; x_wconf 84' lang='lat' dir='ltr'>ortus</span> <span class='ocrx_word' id='word_1_272' title='bbox 859 3345 983 3398; x_wconf 79' lang='lat' dir='ltr'>Aratrea.</span> <span class='ocrx_word' id='word_1_273' title='bbox 995 3345 1057 3394; x_wconf 78' lang='lat' dir='ltr'>cdd.</span> 
     </span>
     <span class='ocr_line' id='line_1_36' title="bbox 95 3403 1060 3550; baseline 0 -22"><span class='ocrx_word' id='word_1_274' title='bbox 95 3403 264 3534; x_wconf 64' lang='lat' dir='ltr'>uiuere</span> <span class='ocrx_word' id='word_1_275' title='bbox 274 3414 290 3550; x_wconf 72' lang='lat'>„¹</span> <span class='ocrx_word' id='word_1_276' title='bbox 298 3415 498 3536; x_wconf 67' lang='lat' dir='ltr'>cnm</span> <span class='ocrx_word' id='word_1_277' title='bbox 652 3414 656 3480; x_wconf 79' lang='lat'><strong>¹</strong></span> <span class='ocrx_word' id='word_1_278' title='bbox 670 3412 875 3548; x_wconf 74' lang='lat' dir='ltr'>rpucu</span> <span class='ocrx_word' id='word_1_279' title='bbox 882 3407 1060 3545; x_wconf 63' lang='lat' dir='ltr'>rugum</span> 
     </span>
     <span class='ocr_line' id='line_1_37' title="bbox 95 3500 1060 3617; baseline 0.001 -25"><span class='ocrx_word' id='word_1_280' title='bbox 95 3552 207 3600; x_wconf 86' lang='lat' dir='ltr'>euentus</span> <span class='ocrx_word' id='word_1_281' title='bbox 223 3551 250 3599; x_wconf 73' lang='grc' dir='ltr'><strong>Η</strong></span> <span class='ocrx_word' id='word_1_282' title='bbox 261 3549 271 3617; x_wconf 89' lang='lat' dir='ltr'>l</span> <span class='ocrx_word' id='word_1_283' title='bbox 285 3555 316 3604; x_wconf 83' lang='lat'>31</span> <span class='ocrx_word' id='word_1_284' title='bbox 335 3553 429 3603; x_wconf 80' lang='lat' dir='ltr'>statim</span> <span class='ocrx_word' id='word_1_285' title='bbox 439 3500 541 3603; x_wconf 63' lang='lat' dir='ltr'>tenire</span> <span class='ocrx_word' id='word_1_286' title='bbox 559 3520 627 3601; x_wconf 56' lang='lat' dir='ltr'>A&#39;w</span> <span class='ocrx_word' id='word_1_287' title='bbox 638 3501 729 3608; x_wconf 60' lang='lat' dir='ltr'>lteri:</span> <span class='ocrx_word' id='word_1_288' title='bbox 746 3550 842 3600; x_wconf 85' lang='lat' dir='ltr'>uenire</span> <span class='ocrx_word' id='word_1_289' title='bbox 860 3547 956 3599; x_wconf 80' lang='lat' dir='ltr'>statim</span> <span class='ocrx_word' id='word_1_290' title='bbox 972 3547 993 3594; x_wconf 85' lang='lat' dir='ltr'><strong>B</strong></span> <span class='ocrx_word' id='word_1_291' title='bbox 1005 3547 1023 3594; x_wconf 78' lang='grc'><strong>(1</strong></span> <span class='ocrx_word' id='word_1_292' title='bbox 1035 3545 1060 3594; x_wconf 76' lang='lat' dir='ltr'>V</span> 
     </span>
    </p>
   </div>
   <div class='ocr_carea' id='block_1_4' title="bbox 138 3633 904 3700">
    <p class='ocr_par' dir='ltr' id='par_1_6' title="bbox 138 3633 904 3700">
     <span class='ocr_line' id='line_1_38' title="bbox 138 3633 904 3700; baseline 0.005 -23"><span class='ocrx_word' id='word_1_293' title='bbox 138 3635 226 3682; x_wconf 72' lang='lat' dir='ltr'>Pano.</span> <span class='ocrx_word' id='word_1_294' title='bbox 238 3651 294 3685; x_wconf 76' lang='lat' dir='ltr'>ur.</span> <span class='ocrx_word' id='word_1_295' title='bbox 532 3692 534 3700; x_wconf 20' lang='grc' dir='ltr'><strong><em>γ</em></strong></span> <span class='ocrx_word' id='word_1_296' title='bbox 873 3633 904 3682; x_wconf 85' lang='grc'><strong>11</strong></span> 
     </span>
    </p>
   </div>
   <div class='ocr_carea' id='block_1_5' title="bbox 0 0 1296 4000">
    <p class='ocr_par' dir='ltr' id='par_1_7' title="bbox 0 0 1296 4000">
     <span class='ocr_line' id='line_1_39' title="bbox 0 0 1296 4000; baseline 0 0"><span class='ocrx_word' id='word_1_297' title='bbox 0 0 1296 4000; x_wconf 95' lang='lat' dir='ltr'> </span> 
     </span>
    </p>
   </div>
  </div>
 </body>
</html>
