2578 4000
284 249 542 304 CONSTANTINO
562 248 733 305 nucusro
751 253 785 303 u.
805 253 914 306 aa-aa
1022 249 1082 316 179

109 401 286 467 exercitam
300 400 366 465 tuis
381 399 511 464 auribus
527 421 756 484 consecrarem,
777 401 933 465 maximas
955 401 1081 466 numini

108 494 167 552 tuo
190 486 312 572 gratias
340 505 401 569 ago
422 484 560 568 tibique,
591 485 675 569 quod
702 490 861 570 superest,
893 485 1080 550 commendo

108 572 228 636 liberos
261 589 350 635 meos
378 569 611 654 praecipueque
641 570 733 635 illum
766 571 831 634 iam
859 591 983 634 summa
1011 571 1081 635 fisci

109 655 292 741 patrocinia
312 657 519 738 tractantem,
542 655 577 718 in
599 675 692 738 quem
715 677 766 718 me
787 658 893 719 toturn
914 655 1082 720 transtulit

109 741 231 826 pietas,
265 741 353 804 cuius
380 738 459 803 felix
492 739 644 821 seruitus,
680 739 707 803 si
734 739 861 824 quando
892 742 1106 824 respexeris,5

109 827 250 890 maxime
284 828 359 888 tuae
393 824 562 888 conueniet
595 825 701 889 aetati.
752 828 892 889 cetemm
927 824 1012 908 quod
1041 824 1081 888 dc

110 909 260 974 omnibus
288 909 397 974 liberis
420 908 502 992 dixi,
531 909 598 972 lata
626 913 690 992 est,
719 910 906 993 imperator,
936 909 1079 974 ambitio,

110 998 240 1079 praeter
265 993 338 1058 illos
366 995 453 1058 enim
481 993 621 1077 quinque
650 1015 730 1080 quos
756 994 855 1080 genui
882 994 980 1058 etiam
1007 991 1081 1058 illos

110 1079 202 1164 quasi
229 1100 316 1142 meos
344 1097 477 1142 numero
508 1099 586 1162 quoa
615 1079 747 1163 prouexi
778 1078 819 1142 ad
846 1079 979 1143 tutelam
1006 1078 1079 1162 fori,

109 1164 151 1229 ad
184 1163 290 1228 officia
320 1163 444 1247 palatii.
495 1163 589 1226 multi
618 1165 736 1248 quippe
768 1187 807 1228 ex
836 1184 887 1227 me
920 1163 982 1227 riui
1012 1183 1080 1227 non
1093 1183 1118 1224 ro

108 1248 271 1346 ignobiles
293 1248 411 1332 fluunt,
433 1248 528 1312 multi
550 1251 722 1312 sectatores
744 1249 808 1312 mei
830 1249 928 1312 etiam
950 1247 1079 1331 prouin-

110 1353 178 1398 cras
205 1336 278 1397 tuas
306 1332 541 1396 administrant.
590 1354 724 1416 quorum
752 1333 950 1396 successibus
978 1331 1081 1395 lactor

109 1419 316 1502 omniumque
330 1417 487 1481 honorem
507 1437 566 1500 pro
587 1438 659 1480 mec
674 1418 754 1481 duco
777 1420 810 1481 et
843 1416 869 1480 si
884 1416 969 1480 forte
983 1415 1081 1480 hodie

109 1503 197 1568 infra
220 1503 476 1586 expectationem
498 1501 562 1565 mci
584 1501 709 1585 dixero,
737 1467 857 1566 inillis
880 1521 932 1565 mc
954 1499 1079 1565 confido

107 1589 279 1673 placuisse.
324 1589 352 1651 si
373 1591 482 1651 tamen
509 1585 571 1651 hoc
593 1607 716 1672 quoque
743 1586 823 1651 mihi
844 1589 936 1650 tuum
958 1606 1076 1650 numen
1092 1601 1117 1644 15

108 1671 281 1736 indulserit
302 1676 338 1736 ut
360 1693 398 1736 ex
420 1672 481 1735 hac
504 1671 646 1736 oratione
668 1693 735 1735 non
758 1671 969 1755 eloquentiae,
995 1670 1079 1753 quod

107 1757 247 1822 nimium
270 1759 329 1839 est,
353 1757 408 1822 sed
431 1757 739 1841 quantulaecumque
758 1755 949 1840 prudentiae
972 1758 1004 1818 et
1027 1753 1082 1817 de-

107 1845 203 1907 uotae
225 1842 285 1905 tibi
307 1843 426 1906 mentis
448 1842 669 1905 testimonium
690 1841 843 1906 referam:
879 1839 995 1904 cedant
1015 1837 1078 1922 pri·

107 1931 257 1992 ustorum
284 1926 461 1991 studiorum
488 1926 649 2010 ignobiles
678 1947 786 2010 curae3
817 1927 971 2023 perpetua
998 1922 1078 1986 mihi

108 2013 171 2077 erit
193 2011 330 2076 materia
351 2011 491 2094 dicendi,
515 2012 569 2095 qui
591 2031 641 2075 me
663 2012 862 2096 probauemt,
891 2009 1075 2093 imperator.
1090 2025 1117 2066 uo

494 2217 694 2227 ..a—..u—...ffl-

549 2351 635 2424 VIII

409 2503 782 2602 INCERTI

250 2670 685 2736 GRATIARUM
729 2667 945 2736 ACTIO

367 2805 623 2861 consrarmuo
642 2805 823 2859 nucusro

172 2957 198 3024 1.
243 2957 278 3024 Si
299 2958 416 3023 Flauia
431 2958 620 3029 ‚Aeduorum
641 2956 772 3021 taudem
794 2958 925 3020 aeterno
946 2952 1077 3018 nomine
1091 2973 1116 3012 a

106 3045 313 3141 nuncupata,
348 3043 572 3141 sacratissime·
592 3041 780 3138 imperator,
814 3059 1014 3106 commouere
1043 3059 1078 3103 se

105 3128 255 3193 funditus
283 3131 380 3212 atque
407 3127 470 3194 huc
498 3148 609 3194 uenire
635 3129 795 3210 potu1sset
802 3176 812 3210 ,
840 3127 911 3189 tota
934 3123 1077 3209 profecto

179 3321 191 3367 1
211 3318 268 3369 tuis
286 3319 360 3368 eda:
378 3319 407 3368 in
425 3320 482 3368 tuis
499 3317 526 3366 Ε
546 3315 557 3382 l
581 3318 597 3367 5
616 3315 748 3378 seruitum
766 3316 848 3364 malim
864 3315 992 3366 iuuentus
1013 3310 1024 3377 l
1046 3313 1081 3363 lo

108 3401 143 3438 ex
160 3399 204 3436 me
222 3386 277 3436 riui
294 3399 349 3438 non
366 3385 422 3451 ign.
437 3386 527 3450 Casa:
546 3399 578 3435 ex
590 3384 658 3434 meri
671 3383 737 3434 uino
750 3383 806 3446 ign.
818 3381 882 3430 ΔΨ
901 3395 934 3432 ex
946 3393 1006 3431 msa
1017 3381 1078 3431 riuo

106 3455 165 3519 ign.
183 3451 260 3504 Bere.
282 3469 317 3504 ex
334 3455 400 3504 meri
416 3451 497 3504 humo
515 3453 572 3518 ign.
590 3453 610 3502 B
629 3453 646 3500 0
663 3453 686 3500 V
707 3449 717 3517 l
741 3452 770 3499 11
791 3450 875 3500 etiam
892 3463 938 3502 ora.
955 3449 989 3498 W
1045 3445 1080 3497 15

108 3529 186 3572 tuum
203 3521 307 3572 minio
330 3519 342 3586 l
371 3520 576 3586 aequamen
604 3518 614 3585 l
643 3521 676 3570 25
695 3519 826 3570 eduorum
843 3519 871 3566 Η
887 3531 988 3582 semper
1045 3516 1079 3564 26

107 3590 298 3640 sacratissime
317 3590 391 3642 cdd„-
409 3587 467 3640 sac’
486 3589 509 3637 Δ
527 3599 608 3639 sacar
624 3595 683 3638 cett.

1036 3631 1040 3642 l
1083 3623 1087 3634 t

854 3655 894 3663 '¹
934 3670 939 3679 ,
974 3640 1086 3680 ,,ι)’Λ”’

875 3667 972 3724 ιῖᾑη·
1038 3673 1088 3700 ¹1⁴,

922 3699 994 3736 pls,
1037 3703 1087 3732 ’,ι’

894 3745 955 3760 Δ.Ι
1038 3734 1090 3758 οἱὸ

866 3773 886 3784 vl
