2582 3992
342 229 554 282 MAXIMIANO
573 230 744 283 AUGUSTO
763 230 798 281 D.
819 233 927 282 13-14.
1056 230 1113 292 101

149 380 196 444 illi
212 379 299 444 facta
313 379 519 460 demonstret,
542 400 599 443 uos
620 379 794 444 identidem
817 384 850 444 et
864 391 989 464 semper
1010 381 1116 444 osten·

149 465 207 530 dat
227 467 414 549 praesentes
442 467 474 529 et
496 463 634 548 optimos
656 464 879 548 imperatoriae
902 464 1117 529 institutionis

149 552 305 614 auctores
349 549 478 613 interim
500 551 610 612 temen
632 551 680 633 te,
702 548 849 633 gentium
871 549 1017 629 domine,
1041 569 1117 632 quo-

148 635 237 698 niam
266 633 351 698 hunc
378 633 616 718 optatissimum
642 633 821 717 principem
849 633 884 698 in
909 632 1023 698 Galliis
1052 633 1117 696 suis

149 719 269 782 retinet
290 719 373 782 ratio
395 716 606 802 reipublicae,
629 739 836 803 quaesumus,
861 718 888 782 si
909 717 980 781 fieri
1001 719 1143 802 potest,5

149 823 201 868 ne
220 802 295 866 huic
322 801 468 866 inuideas
495 802 634 886 ciuitati,
664 803 714 866 cui
742 823 830 867 nunc
857 803 912 866 ille
940 800 1118 866 similitudi-

150 908 226 951 nem
248 886 424 951 maiestetis
446 890 519 950 tuee
542 885 667 951 confert
688 886 826 950 natalem
850 890 940 951 tuum
963 886 1047 951 diem
1069 907 1118 950 ce·

150 971 304 1036 lebrando
318 972 351 1035 in
368 993 413 1053 ea,
437 971 699 1037 consuetudinem
719 971 977 1057 magnificentiae
992 970 1051 1035 tibi
1066 969 1118 1034 de·

151 1056 246 1121 bitae.
297 1059 391 1139 teque
418 1056 539 1139 ipsum,
568 1055 758 1139 imperator,
793 1077 920 1120 oramus
948 1059 984 1119 nt
1010 1053 1116 1133 etiem,

151 1161 224 1205 cum
251 1161 308 1204 uos
336 1141 434 1204 totius
462 1139 548 1204 orbis
576 1140 745 1204 securitate
773 1141 949 1224 composita
976 1139 1032 1203 illc
1059 1139 1117 1202 im·
1132 1157 1158 1198 ro

150 1225 233 1309 perii
248 1225 346 1288 uestri
366 1227 469 1288 mater
484 1225 652 1308 acceperit,
676 1225 840 1321 amplexus
858 1224 925 1288 eius
941 1224 1118 1287 artissimos

151 1309 313 1374 interdum
336 1309 398 1406 piis
420 1308 568 1373 manibus
590 1308 772 1393 resoluut1s3
799 1312 896 1392 tuque
918 1308 1119 1390 potissimum

152 1393 269 1478 (credo
298 1415 384 1458 emm
412 1393 474 1458 hoc
498 1391 583 1456 idem
608 1391 844 1457 Diocletianum
871 1392 976 1456 oriens
1004 1391 1118 1476 roget)

149 1477 211 1542 has
238 1478 421 1564 prouincias
448 1480 520 1541 tuas
547 1477 731 1561 frequenter
755 1476 895 1542 illustres
927 1478 960 1539 et
988 1476 1118 1561 profun-

151 1563 283 1628 dissime
315 1563 391 1627 licet
423 1582 502 1646 pace
535 1559 686 1625 florentes
718 1561 857 1625 aduentu
891 1561 1033 1625 numinis
1069 1559 1116 1624 tui
1130 1577 1155 1618 1⁵

151 1648 265 1712 reddas
290 1647 458 1711 feliciores.
501 1644 605 1728 uides,
633 1646 822 1729 imperator,
852 1649 973 1728 quante
999 1645 1049 1709 uis
1076 1645 1120 1708 sit

151 1736 280 1796 tuorum
301 1732 336 1795 in
357 1753 416 1795 nos
439 1730 624 1794 caelestium
639 1729 885 1794 beneficiorum:
908 1727 1012 1792 adhue
1028 1749 1118 1812 prae·

152 1817 257 1881 sentio
278 1819 335 1881 tue
357 1815 493 1880 fruimur
515 1817 548 1879 et
569 1814 633 1877 iem
655 1813 792 1880 reditum
814 1813 1038 1878 desideramus.

331 2245 396 2316 ΠΙ.
443 2243 636 2316 CLAUDII
662 2244 942 2316 MAMERTINI

207 2391 595 2538 elnocinium
642 2393 1074 2492 curriculum
1132 2455 1158 2494 ῃ

297 2565 555 2632 ΜΑΧΙΜΙΑΝΟ
577 2565 783 2633 AUGUSTO
806 2565 973 2632 DICTUS.

211 2739 237 2804 I.
259 2736 379 2803 Omnes
395 2735 523 2819 quidem
536 2734 695 2819 homines,
711 2735 922 2802 secretissime
936 2736 1120 2819 imperator,

177 2824 209 2888 ui
228 2821 391 2887 maiestati
413 2823 541 2885 uestrae
556 2821 664 2885 laudes
685 2825 807 2885 canunt
828 2823 860 2884 et
875 2820 994 2904 gratias
1009 2821 1120 2902 agunt,

154 2847 299 2973 debitum
319 2905 411 2970 uobis
431 2906 592 2969 conantur
612 2905 774 2969 exsoluere
796 2904 881 2989 (quis
901 2903 987 2968 enim
1003 2901 1121 2986 estqui

121 3033 124 3038 ·
155 2993 258 3075 possit
278 2990 411 3074 implere
420 2989 463 3087 t),
498 2988 603 3052 sentio
624 2993 734 3053 temen
756 3011 775 3052 c
795 3009 847 3052 me
869 2989 1038 3074 praecipue
1059 2987 1120 3050 hoc
1134 3006 1160 3048 25

155 3077 227 3161 piae
249 3075 339 3141 uocis
359 3074 502 3138 offimum
529 3074 598 3137 iure
620 3073 756 3158 quodum
783 3073 979 3138 sacrosancti
1000 3071 1121 3136 fenoris

225 3285 239 3333 1
258 3282 306 3332 illa
324 3283 341 3331 (t
361 3279 368 3348 Ι
385 3278 573 3333 demonstrent
591 3287 616 3330 et
634 3279 781 3330 ostendant
798 3281 832 3327 W
847 3276 858 3346 ΙΙ
873 3281 890 3329 4
908 3279 1002 3343 galliis
1020 3292 1034 3326 r
1051 3293 1069 3328 u
1083 3291 1121 3326 w:

158 3349 240 3416 gallis
257 3351 286 3398 Ι
315 3346 325 3414 11
355 3351 371 3400 8
395 3347 594 3398 consuetudine
616 3349 656 3408 Π,
679 3350 786 3398 correxi
814 3345 825 3412 ss
855 3349 887 3398 18
910 3351 939 3396 et
961 3346 1014 3396 iam
1032 3345 1122 3395 Hert:

159 3417 472 3478 etismAWetBltV
501 3412 512 3479 ΙΙ
541 3417 573 3466 22
592 3416 743 3466 sac.sz
764 3415 944 3465 eaeerBGV
969 3412 979 3479 ll
1009 3415 1135 3476 topos.

158 3492 202 3536 set
218 3487 246 3534 1
264 3482 270 3550 Ι
288 3500 305 3535 a
322 3499 364 3533 me
381 3483 433 3533 hoc
452 3497 543 3548 praee.
561 3483 614 3533 hoc
632 3484 672 3548 H,
692 3499 761 3534 corr.
780 3497 805 3531 w
821 3483 874 3533 hoc
892 3496 982 3548 praec.
1000 3488 1122 3545 tempore

157 3552 209 3603 hoc
225 3553 302 3618 θυεμ.
