2578 4000
171 201 235 265 204
492 205 540 256 nr.
570 203 719 254 mcaarr
738 203 817 253 ran.

173 352 212 416 ad
235 352 448 416 resistendum
470 351 550 415 Padi
571 352 674 415 limite
698 355 755 416 aut
776 351 943 434 Apennini
965 351 1050 436 iugis
1072 354 1141 416 ute-

172 440 276 520 retur,
306 436 361 500 sed
383 437 507 500 litteras
531 437 751 500 calamitatum
772 457 900 500 suarum
921 435 1045 499 indices
1068 457 1140 519 sup-

171 521 342 604 primebat,
365 520 526 585 interdum
549 521 646 584 etiam
666 521 774 605 palam
796 524 954 604 utusque
976 519 1141 602 adportas

172 607 335 670 ueniretur
357 605 504 688 optabat,
527 626 592 669 non
614 604 807 690 intellegens
829 604 1029 669 maiestatem
1051 604 1141 668 illam

147 691 275 771 curbis,
301 710 383 773 quae
405 689 529 772 pridem
551 690 695 753 admotos
718 690 874 754 exercitus
897 688 1140 772 sollicitauerat,

172 775 237 838 iam
259 774 391 858 flagitiis
414 775 514 858 ipsius
537 774 748 839 deformatam
775 777 807 838 et
829 773 956 837 sedibus
983 773 1050 837 suis
1072 775 1142 856 pul·

173 881 240 922 sam
263 859 302 922 ad
317 861 374 922 tua
397 858 515 924 auxilia
528 859 680 922 transisse
702 881 761 922 nec
783 858 858 921 ullis
875 857 1026 941 praemiis
1048 878 1142 940 posse

173 943 333 1025 corrumpi
367 963 444 1026 quos
472 943 533 1006 tibi
566 946 695 1026 praeter
728 942 955 1007 liberalitatem
982 945 1073 1005 tuam
1111 946 1143 1005 et

173 1026 367 1090 sacramenti
388 1025 483 1090 fidem
498 1030 548 1090 tot
569 1027 778 1092 uictoriarum
793 1027 916 1112 gloriae
934 1027 1140 1090 dicauissent.

135 1134 161 1174 10
195 1111 243 1174 uis
259 1111 344 1173 enim
360 1109 460 1191 miles,
484 1111 538 1194 qui
553 1111 650 1175 ductu
667 1117 763 1194 atque
777 1112 927 1195 auspiciis
943 1111 1006 1174 tuis
1021 1111 1142 1174 totiens

172 1133 356 1258 delicissime
389 1195 589 1277 dimicasset,
627 1196 761 1260 uulnera
793 1196 842 1259 illi
875 1217 934 1259 sua
963 1193 1143 1258 uenderet?

156 1279 250 1344 'belli
277 1280 340 1343 iam
367 1301 471 1363 paene
499 1279 638 1344 confecti
667 1303 822 1345 summam
850 1279 1065 1344 concederet?
1109 1283 1143 1342 at

174 1364 259 1428 enim
277 1367 313 1428 tu
334 1364 368 1428 id
382 1365 486 1448 ipsum
509 1365 547 1428 de
570 1364 682 1428 ardore
697 1367 795 1429 totius
818 1365 974 1429 exercitus
997 1364 1142 1428 sentiens

174 1449 243 1512 sine
265 1448 331 1512 ulla
352 1448 534 1512 haesitandi
555 1471 652 1532 mora,
666 1471 739 1532 qua
760 1449 983 1514 breuissimum
1006 1469 1065 1531 per
1081 1447 1144 1513 Ue-

136 1553 161 1592 15
174 1536 267 1597 notos
294 1533 357 1597 iter
379 1535 442 1614 est,
472 1536 563 1616 rapio
592 1535 721 1618 agmine
747 1534 916 1615 adamasti,
947 1533 1143 1598 celeritatem

174 1617 262 1680 illam
284 1617 319 1680 in
340 1617 481 1700 gerendo
502 1617 661 1700 Scipionis
683 1620 716 1681 ct
732 1616 876 1683 Caesaris
898 1617 982 1680 hanc
1004 1618 1143 1680 maxime

176 1702 319 1785 cupienti
340 1701 460 1767 Romae
482 1707 734 1785 repraesentans.
773 1703 853 1767 haec
875 1704 924 1766 est
946 1701 1064 1766 fiducia
1085 1701 1143 1765 im-

174 1787 331 1870 peratoris
359 1787 473 1850 inuicti
501 1792 533 1850 et
555 1807 684 1851 suoram
711 1788 873 1851 mentibus
894 1786 970 1850 freti
998 1807 1065 1849 non
1088 1783 1143 1848 du-

175 1871 277 1934 bitare
305 1892 365 1935 nec
393 1871 519 1934 trahere
543 1871 678 1951 bellum,
708 1872 763 1936 sed
790 1873 969 1956 proximum
997 1871 1143 1954 quodque

137 1975 162 2016 co
175 1976 302 2038 pugnae
317 1959 443 2039 tempus
466 1957 578 2038 putare
597 1957 776 2022 uictoriam.
804 1977 870 2021 non
893 1955 980 2020 enim
1002 1977 1054 2018 res
1077 1956 1143 2017 erat

175 2039 234 2103 tibi
257 2043 294 2102 ut
316 2039 353 2114 Q.
377 2040 518 2102 Maximo
543 2061 615 2102 cum
636 2040 821 2105 Hannibale
842 2041 980 2122 uictore,
1012 2042 1050 2102 ut
1071 2042 1144 2122 post

175 2145 225 2186 res
254 2144 383 2204 asperas
410 2124 515 2186 locum
538 2126 725 2208 tempusque
754 2129 914 2208 captasse,
945 2123 1000 2188 sed
1028 2143 1143 2208 urgere

175 2211 208 2270 te
236 2225 399 2269 successus
426 2211 498 2269 tuos
528 2210 561 2270 et
590 2210 777 2272 continuare
806 2209 956 2274 uictorias
988 2211 1021 2271 et
1047 2229 1143 2290 quam

175 2291 315 2374 primum
337 2291 507 2354 subuenire
528 2291 601 2355 urbi
623 2292 765 2359 decebat.
807 2292 962 2376 sapientis
986 2292 1073 2356 enim
1096 2294 1144 2355 est

137 2392 162 2432 a
175 2375 377 2458 imperatoris
404 2375 515 2440 fractis
542 2377 636 2441 rebus
670 2379 850 2443 cunctando
877 2375 1061 2458 consulere,
1098 2395 1144 2440 se-

177 2459 289 2523 cundis
310 2481 377 2523 non
400 2460 508 2524 deesse
530 2461 687 2527 fortunae.

239 2542 329 2608 XVI.
372 2544 485 2629 ltaque
511 2566 611 2610 unum
639 2550 704 2611 iam
726 2547 806 2611 illud
827 2546 1002 2611 timebatur
1025 2566 1067 2610 ne
1089 2543 1142 2608 ille

177 2627 367 2691 conterritus
390 2628 440 2692 his
460 2629 592 2712 uiribus,
614 2631 757 2715 grauiter
779 2631 917 2709 afflictus
940 2630 1023 2694 etin
1039 2633 1144 2693 artum

176 2711 325 2776 redactus
347 2712 424 2776 boni
447 2715 625 2779 consuleret
647 2716 815 2780 etdebitas
836 2714 1048 2799 reipublicae
1071 2733 1144 2797 pce·

245 2923 258 2969 1
279 2920 314 2969 ad
333 2919 517 2970 resistendum
535 2923 584 2971 dei.
604 2922 738 2971 Acidaliae
757 2917 762 2985 Ι
781 2925 812 2970 ut
829 2921 897 2970 Padi
915 2934 940 2968 w
965 2918 976 2984 ll
1005 2917 1145 2971 2iudices

175 2987 198 3034 A
215 2987 236 3035 B
254 2988 271 3035 0
289 2988 311 3034 V
333 2985 338 3050 Ι
362 2988 552 3052 supprimebat
569 2989 589 3036 B
608 2989 630 3036 V
647 3002 682 3037 w:
702 2989 909 3053 snpprtmebant
926 2989 949 3037 A
967 2989 984 3036 0
1014 2985 1024 3052 ΙΙ
1054 2988 1070 3035 6
1089 2984 1145 3036 suis

176 3055 335 3119 propulsam
352 3056 386 3102 W
406 3053 416 3120 ll
440 3057 456 3104 8
475 3053 514 3120 et]
534 3054 609 3104 adv
633 3052 642 3119 ll
666 3055 874 3107 9dicauissent
890 3069 928 3103 w:
948 3055 987 3104 dii
1003 3055 1146 3106 cauisscnt

176 3123 203 3168 Η
220 3119 230 3185 ΙΙ
250 3125 280 3170 11
299 3125 380 3172 malim
398 3122 528 3172 uenderet
544 3127 571 3172 et
587 3121 655 3172 belli
671 3120 681 3188 ΙΙ
700 3125 732 3173 14
750 3125 807 3174 sine
825 3121 885 3173 ulla
901 3122 993 3174 Bari„-
1010 3137 1065 3172 non
1084 3122 1144 3172 eine

175 3187 234 3237 ulla
252 3192 279 3237 Η
295 3190 298 3250 Ι
313 3191 435 3240 Uenetos
452 3191 598 3240 Liuineius:
616 3205 663 3240 eos
680 3192 708 3239 A!
720 3188 730 3255 ΙΙ
744 3192 775 3240 16
793 3191 823 3240 in
841 3189 956 3256 gerendo
975 3205 1036 3254 apo:
1055 3189 1085 3238 in
1102 3203 1144 3236 re-

176 3255 265 3320 gendo
282 3258 309 3303 Μ
327 3258 357 3306 in
373 3273 404 3308 re
423 3257 543 3322 gerenda
560 3259 606 3317 w}
628 3257 701 3306 hanc
718 3261 828 3322 scripsi:
846 3263 913 3308 tunc
930 3259 958 3306 Η
976 3272 1058 3320 quam
1077 3255 1144 3318 Epa·

175 3323 329 3374 renhardum
341 3321 351 3388 ΙΙ
365 3325 395 3373 21
414 3329 446 3372 ut
459 3323 507 3389 Q]
526 3329 587 3389 utq3
600 3325 623 3372 A
640 3326 734 3389 utique
751 3326 835 3374 BcV
852 3327 894 3375 uti
911 3327 928 3390 ᾗ
944 3338 970 3373 w
982 3323 992 3389 ll
1005 3326 1038 3374 23
1056 3324 1144 3372 uicto·

176 3391 230 3440 rias
247 3395 276 3439 et
292 3390 385 3440 Bera:
402 3393 521 3442 uictoria
540 3392 585 3442 sed
597 3395 619 3440 A
632 3392 683 3440 GV
701 3395 847 3443 uictoriam
866 3393 912 3442 sed
929 3392 994 3441 Bw
1006 3389 1017 3456 [Ι
1029 3393 1062 3440 28
1082 3405 1144 3440 con·

175 3458 286 3507 territus
304 3461 379 3510 edd:
399 3463 545 3510 contentus
556 3460 583 3507 n
596 3458 605 3524 ll
618 3461 650 3508 29
670 3456 709 3526 et]
729 3464 760 3509 ut
772 3463 905 3510 Acidaliae
920 3460 925 3524 Ι
940 3474 1026 3522 penas
1045 3455 1143 3520 cvii)

176 3539 213 3573 w:
232 3539 318 3590 pynas
336 3526 359 3573 A
376 3526 396 3573 B
