2582 3992
226 189 287 256 126
513 191 560 240 lv.
585 189 746 252 EUMENII
763 187 901 240 ORATIO

164 399 169 408 .
225 342 429 423 compertum.
475 338 565 402 saluo
592 337 693 421 igitur
718 337 890 422 priuilegio
919 336 1091 422 dignitatis
1119 341 1202 404 tuce

224 424 390 488 hortemur
418 425 460 486 ut
480 422 713 506 protessionem
740 422 913 486 oratorium
939 425 1066 505 repetes
1097 425 1200 508 utque

132 555 134 560 ,
224 509 272 608 in·
286 530 383 606 cupre
410 507 499 605 dicte
525 507 674 590 ciuitate,
701 527 796 590 quem
823 527 890 604 non
911 507 1042 604 ignores
1068 528 1131 604 nos
1154 509 1202 572 ed

176 591 1106 759 1⁵rtuuuetuurtuuetunius?
1129 595 1199 741 it}

223 783 355 826 munere
383 760 580 844 anteportis
608 759 728 843 aliquid
748 760 813 824 tuis
836 759 1010 836 honoribus
1033 760 1199 846 derogari,

223 867 296 910 cum
327 846 463 910 honesta
489 844 646 929 professio
678 847 771 908 ornet
795 844 903 928 potius
935 865 1066 908 omnem
1094 849 1197 928 quum

223 930 368 994 destruat
389 929 590 1014 dignitatem.
636 928 772 1012 denique
800 929 898 993 etium
925 929 1076 993 salemum
1098 933 1133 994 te
1159 931 1196 994 in

223 1015 367 1078 sexcenis
395 1014 528 1078 milibus·
551 1035 720 1078 nummum
752 1035 791 1078 ex
818 1013 865 1078 rei
892 1013 1039 1096 publicae
1066 1015 1195 1079 uiribus

184 1119 210 1161 ro
224 1099 374 1183 consequi
401 1097 562 1181 uolumus,
592 1101 629 1162 ut
656 1097 827 1182 intelleges
855 1098 978 1163 meritis
1000 1098 1065 1162 tuis
1095 1099 1197 1164 etiem

221 1185 367 1248 nostrum
402 1183 566 1248 consulere
596 1183 809 1248 clementiam.
853 1183 939 1266 uele,
973 1181 1112 1248 Eumeni
1143 1205 1194 1248 cc-

221 1266 346 1332 rissime
367 1267 486 1333 nobis!

285 1351 357 1418 XV.
387 1353 438 1416 Ite
459 1373 528 1416 non
549 1350 677 1416 uidetur
697 1350 770 1430 tibi,
793 1351 843 1415 uir
864 1349 1107 1436 perfectissime,
1130 1351 1195 1416 hec

221 1439 386 1501 tentorum
413 1437 597 1520 principum
624 1435 846 1500 exhortatione
874 1455 943 1499 non
969 1435 1073 1499 solum
1100 1457 1192 1500 meus

182 1542 209 1583 15
222 1541 261 1584 ex
283 1521 349 1585 otio
372 1523 480 1586 iacens
503 1521 543 1586 ad
564 1520 718 1604 pristinos
741 1522 825 1583 artes
847 1519 973 1584 enimus
996 1519 1114 1602 attolli,
1138 1542 1191 1584 ue

220 1625 292 1668 rum
317 1605 414 1670 etiem
436 1605 499 1690 ipsi
521 1605 752 1690 quodammodo
778 1607 923 1668 ueterum
950 1603 1111 1668 scolarum
1133 1626 1190 1688 po-

220 1689 316 1754 rietes
332 1695 366 1754 ct
379 1693 466 1756 tecte
480 1688 698 1774 consurgere?
715 1688 799 1773 quod
814 1688 901 1753 enim
915 1691 1044 1753 tentum
1059 1709 1189 1754 carmen

219 1774 412 1862 Amphioni,
435 1797 532 1858 ,quse
565 1777 659 1839 tenta
687 1773 810 1857 plectro
842 1772 1020 1859 fidibusque
1052 1773 1188 1838 dulcedo

221 1881 315 1942 quam
338 1864 446 1924 secuta
468 1858 631 1943 quondam
658 1879 734 1923 saxa
754 1857 981 1941 perhibentur,
1010 1861 1048 1921 ut
1069 1858 1187 1922 ducen-

181 1965 207 2006 so
220 1943 307 2008 tibus
335 1944 488 2009 subnecto
515 1943 650 2007 modulis
681 1945 714 2006 ct
740 1943 782 2006 ed
810 1941 980 2007 interuallo
1010 1942 1187 2006 carminum

219 2029 403 2092 resistentie
435 2031 550 2110 sponte
575 2048 701 2090 murum
734 2027 823 2091 uelut
850 2030 919 2092 erte
951 2029 1187 2110 construerent,

220 2115 340 2194 quanta
367 2113 404 2174 in
424 2111 474 2176 his
497 2113 726 2194 imperatorum
753 2114 786 2176 et
807 2110 979 2177 Caesarum
1000 2111 1117 2176 litteris
1138 2112 1187 2188 in·

220 2199 269 2259 cst
296 2196 336 2260 ad
358 2195 463 2260 omnis
491 2196 671 2260 animorum
698 2195 836 2280 impetus
865 2195 1058 2280 effectusque
1080 2217 1187 2260 rerum

220 2279 349 2344 ciendos
371 2281 420 2345 uis
442 2281 538 2364 etque
559 2280 738 2364 permotio?
783 2283 852 2364 qui,
878 2280 963 2364 quod
984 2280 1093 2344 iubere
1115 2301 1187 2364 pos·

180 2383 206 2425 re
220 2367 311 2445 sunt,
339 2364 471 2429 suadere
494 2364 669 2450 dignentur
690 2367 737 2447 et,
768 2386 841 2428 curn
863 2366 916 2428 uel
936 2365 1052 2429 tacitas
1075 2386 1187 2429 eorum

219 2469 257 2513 ac
279 2450 370 2513 uultu
397 2453 491 2514 tenus
514 2449 711 2534 significatas
737 2449 920 2514 uoluntates
945 2449 1062 2514 summi
1082 2449 1186 2532 patris

217 2533 1188 2683 nuruattundentem?{runicus

217 2702 411 2784 impetrandi
431 2706 628 2790 potestatem¹
646 2703 832 2767 cohortandi
853 2641 1055 2768 liuntenitme
1079 2703 1187 2768 conci·

286 2911 299 2958 1
319 2905 477 2974 priuilegio}
495 2908 598 2973 premio
617 2905 684 2972 ⁰tt9
703 2909 839 2958 sexcentis
858 2905 1007 2974 (sescentis
1022 2905 1056 2970 Δ)
1075 2908 1103 2955 ΙΙ
1118 2903 1123 2973 Ι
1138 2923 1188 2958 nu-

216 2977 318 3026 minum
336 2979 353 3025 (t
365 2977 399 3024 W
416 2976 537 3027 numium
549 2976 570 3024 B
582 2976 604 3023 V
616 2972 626 3040 ΙΙ
640 2977 671 3042 tl
690 2976 832 3027 consulere
850 2978 958 3040 scripsi:
976 2974 1145 3026 constituere
1157 2977 1187 3023 1

216 3043 389 3095 consuluisse
407 3056 432 3091 w
451 3048 576 3094 constare
593 3043 726 3094 Liuineius
745 3041 749 3108 Ι
773 3043 891 3094 Eumeni
907 3059 953 3097 om.
971 3044 1005 3092 W
1024 3040 1035 3108 ΙΙ
1056 3042 1089 3092 14
1107 3057 1186 3093 meus

216 3127 261 3160 om.
280 3109 314 3158 W
334 3109 343 3176 ῃ
369 3113 400 3162 16
419 3114 543 3162 ueterum
561 3117 620 3160 ante
637 3111 694 3174 ipsi
712 3111 791 3176 quod.
815 3111 909 3162 tutent
924 3113 945 3160 B
963 3113 980 3159 (t
998 3111 1028 3174 V,
1047 3115 1107 3160 ante
1127 3124 1186 3160 sco-

215 3177 303 3228 larum
319 3178 343 3227 Δ
355 3180 388 3226 W
399 3177 474 3228 Berr.
493 3175 503 3244 ΙΙ
520 3179 551 3227 21
572 3179 770 3227 constituerent
787 3179 821 3226 W
839 3182 1010 3229 construeret
1026 3177 1050 3226 Δ
1065 3175 1076 3242 ss
1097 3179 1130 3228 23
1149 3177 1186 3226 ad

216 3257 307 3294 omnes
320 3244 413 3309 Cusp..·
433 3261 449 3294 a
466 3244 583 3296 dominis
601 3243 628 3291 Ε
647 3245 694 3310 qui
710 3244 812 3295 domini
830 3259 855 3294 w
871 3243 883 3310 ΙΙ
899 3247 932 3295 24
950 3245 1045 3294 ciendo
1064 3245 1122 3294 suis
1141 3248 1186 3294 ct·

216 3325 268 3374 que
285 3311 468 3375 permouendo
488 3311 611 3363 consiliis
629 3327 679 3377 per
696 3313 768 3376 quod
785 3312 880 3362 iubere
898 3327 922 3361 w
943 3310 953 3378 ΙΙ
973 3315 1007 3362 26
1024 3312 1186 3362 uultetenus

214 3379 241 3424 Μ
269 3374 279 3442 ΙΙ
307 3379 340 3428 27
358 3380 565 3444 promissionem
583 3378 682 3444 quippe
699 3381 751 3443 (uel
767 3379 875 3446 nempe)
892 3383 1001 3444 sorr'psr':
1023 3379 1186 3445 promissio·

215 3459 331 3508 nemque
347 3448 390 3508 13
409 3462 443 3496 an
462 3462 511 3510 que
529 3448 678 3497 delendum?
690 3444 700 3512 11
717 3449 750 3498 28
768 3445 911 3514 firmantis]
932 3447 1092 3498 flammantis
1110 3447 1185 3497 Lini·

215 3514 287 3563 netur
299 3509 309 3577 ΙΙ
322 3514 355 3564 29
367 3514 520 3577 imperandi
531 3517 566 3574 1,
585 3517 692 3565 corconi
705 3514 709 3581 Ι
726 3513 886 3581 conciliant]
905 3517 1038 3567 condiunt
1049 3515 1186 3566 Liuineius
