2582 3992
289 189 519 244 CONSTANTIO
538 190 692 242 CAESARI
709 191 743 242 D.
769 193 877 243 11-14.
1008 190 1067 254 141

95 345 175 408 rent
202 360 263 406 nec
286 339 419 404 consilio
440 339 658 404 intermissum
684 362 752 405 esse
774 343 908 426 bellum,
938 340 994 405 sed
1017 342 1067 405 de-

97 425 287 510 speratione
302 423 455 495 omissum
470 424 646 507 crederent,
670 424 747 491 sdeo
762 429 877 495 utiam
893 427 1068 503 communis

97 531 225 595 poenae
252 509 367 580 timore
395 507 539 592 deposito
573 509 798 594 archipiratam
829 510 957 576 satelles
985 512 1068 576 occi·

96 596 192 663 deret
218 597 252 660 et
277 592 356 661 illud
383 595 657 662 auctoramentum
684 597 769 660 tenti
792 596 985 663 discriminis
1011 618 1068 680 pu·

97 682 186 747 taret
206 677 387 764 imperium.
1082 697 1094 738 s

164 761 257 832 XIII.
302 761 374 829 Hoc
396 762 495 851 igitur
517 762 636 830 bellum
657 766 724 831 tam
746 765 976 844 necessarium,
1002 766 1069 828 tem

99 847 233 920 difficile
255 847 353 930 editu,
377 847 688 931 laurissensium,
710 852 777 916 tem
798 851 989 915 instructum
1012 848 1067 927 its,

99 931 237 1015 Caesen,
266 951 438 1018 aggressus
460 953 494 996 es
516 934 565 1015 ut,
589 933 699 998 stetim
721 936 816 1020 atque
837 933 894 998 illo
916 933 1069 998 infestum

97 1017 279 1088 maiestatis
300 1019 376 1080 tuae
397 1015 520 1082 fulmen
541 1016 740 1099 intenderes
764 1018 946 1083 confectum
967 1017 1069 1082 omni·

98 1102 161 1167 bus
189 1101 360 1168 uideretur.
405 1122 481 1167 nam
508 1101 613 1184 primo
642 1102 785 1168 omnium
815 1103 864 1188 (in
891 1123 953 1184 quo
978 1121 1108 1186 pree-10

99 1188 197 1270 cipue
219 1185 453 1256 consulendum
474 1184 561 1268 fuit),
584 1187 722 1270 nequid
744 1188 898 1254 barbarae
919 1180 1090 1268 nationes'
1126 1183 1128 1196 ’

99 1291 257 1339 conuerso
279 1270 355 1336 illuc
376 1269 508 1338 numine
529 1272 585 1334 tuo
606 1291 727 1334 nouare
748 1273 957 1355 temptarent,
980 1273 1068 1334 inuo-

100 1361 177 1423 cats
209 1354 310 1439 patris
337 1353 386 1418 tui
417 1355 584 1420 maiestate
617 1355 782 1439 prouisum
814 1359 873 1418 est.
917 1357 954 1418 tu
984 1354 1069 1418 enim

98 1442 181 1526 ipse,
204 1442 241 1503 tu
255 1438 382 1508 domine
396 1437 603 1521 Maximisne,
627 1439 800 1523 imperator
822 1442 961 1522 aeterne,
983 1459 1068 1502 nouo

98 1523 228 1590 itineris
256 1521 446 1607 compendio
476 1522 649 1594 aduentum
677 1523 856 1598 diuinitatis
882 1526 955 1588 tuae
983 1540 1108 1588 ecce-15

99 1611 206 1674 lerere
228 1607 379 1692 dignatus
406 1611 539 1691 repente
561 1606 676 1672 Rheno
705 1608 852 1674 institisti
881 1627 1070 1691 omnemque
1115 1621 1119 1632 ¹

98 1693 196 1758 illum
227 1692 363 1756 limitem
399 1713 464 1756 non
497 1692 697 1776 equestribus
733 1713 836 1776 neque
868 1691 1070 1776 pedestribus

100 1777 221 1862 copiis,
265 1777 330 1841 sed.
356 1777 557 1860 praesentiae
593 1781 668 1842 tuae
707 1779 828 1841 terrore
863 1778 986 1840 tutatus
1027 1797 1069 1840 es.

99 1861 320 1947 quantoslibet
348 1861 476 1926 ualebat
501 1861 659 1936 exercitus
683 1859 898 1928 Maximianus
926 1860 960 1924 in
987 1861 1069 1944 ripa.

98 1951 139 2012 tu
170 1967 258 2025 uero,
273 1997 276 2003 .
293 1945 414 2012 muicte
443 1945 569 2029 Caesar,
603 1946 767 2012 instructis
801 1946 994 2030 armatisque
1024 1942 1069 2008 di·
1083 1964 1108 2003 so

101 2032 208 2096 uersis
236 2029 389 2096 classibus
415 2030 461 2095 ite
481 2030 608 2096 hostem
629 2031 787 2096 incertum
815 2029 1001 2114 consiliique
1023 2029 1070 2092 in·

100 2137 200 2200 opem
224 2114 391 2182 reddidisti
416 2117 454 2180 ut
474 2119 553 2179 tunc
575 2115 711 2200 denique
740 2117 875 2181 senserit
900 2114 983 2200 quod
1005 2134 1071 2178 non

99 2200 246 2265 munitus
269 2203 354 2264 esset
374 2219 503 2282 oceano,
527 2201 582 2265 sed
604 2200 757 2266 inclusus.

167 2283 256 2349 XIV.
286 2283 359 2350 Hoc
380 2283 450 2348 loco
471 2284 562 2348 uenit
583 2285 618 2348 in
636 2288 776 2350 mentem
799 2285 879 2348 mibi
902 2305 997 2369 quam
1019 2285 1071 2350 de·

100 2369 202 2434 licata
223 2367 350 2434 illorum
367 2368 552 2454 principum
572 2367 673 2432 fuerit
693 2369 728 2434 in
751 2367 1002 2434 administranda
1023 2391 1069 2432 re·
1084 2386 1109 2428 ss

99 2453 234 2537 publica
255 2456 288 2518 et
309 2451 628 2538 adipiscendalaude
645 2452 795 2537 felicitas,
819 2452 933 2537 quibus
948 2453 1070 2518 Romae

99 2537 296 2622 degentibus
311 2536 467 2634 triumphi
488 2540 521 2602 et
543 2538 736 2622 cognomina
758 2538 955 2604 deuictarum
978 2537 1071 2602 adu-

101 2622 196 2686 cibus
230 2623 295 2686 suis
328 2625 475 2706 gentium
507 2622 750 2706 proueniebant.
798 2623 906 2708 itaque
922 2695 924 2698 ¹
938 2621 1069 2705 Fronto,

100 2705 267 2772 Romanae
300 2705 502 2789 eloquentiae
533 2727 600 2770 non
628 2707 818 2790 secundum,
852 2707 908 2772 sed
935 2707 1071 2772 alterum

101 2791 218 2873 decus,
250 2811 322 2854 cum
343 2790 418 2855 belli
441 2791 476 2854 in
499 2790 671 2855 Britannia
692 2792 832 2857 confecti
853 2790 979 2854 leudem
1003 2793 1070 2854 An·
1084 2805 1109 2844 ³⁰

100 2875 219 2940 tonino
252 2875 391 2958 principi
418 2875 525 2957 daret,
562 2875 709 2958 quamuis
736 2876 791 2939 ille
824 2876 859 2939 in
887 2874 956 2958 ipso
984 2875 1071 2938 urbis

174 3115 188 3161 1
203 3127 264 3166 esse
276 3112 379 3164 bellum
391 3114 548 3164 AWBert..·
562 3111 662 3163 bellum
674 3128 735 3164 esse
747 3113 767 3163 B
777 3114 826 3163 GV
837 3111 847 3179 ΙΙ
860 3116 875 3181 2
894 3114 1030 3164 communi
1048 3125 1072 3162 w

101 3180 195 3231 omnis
207 3195 297 3245 paene
305 3179 391 3241 Bere,
402 3183 469 3232 unde
481 3182 555 3232 omni
566 3196 655 3246 paene
669 3177 798 3246 (penali)
812 3179 963 3234 timoreFr.
969 3181 1073 3232 Medius

100 3246 111 3313 11
128 3250 147 3298 4
164 3248 239 3298 tanti
257 3247 379 3300 oriminis
397 3249 529 3300 Liuineius
546 3246 556 3315 l
573 3251 588 3299 9
606 3249 706 3300 flumen
724 3246 764 3314 (111
781 3251 813 3300 10
830 3249 960 3299 uideatur
977 3250 1000 3297 A
1041 3251 1072 3300 13

100 3311 158 3380 tui]
180 3321 228 3366 tue
246 3312 286 3380 cl
304 3317 336 3366 15
355 3315 513 3368 accelerare
531 3344 565 3353 —
583 3319 615 3368 18
634 3318 810 3381 praesentiae
829 3321 896 3366 tuac
914 3332 960 3367 om.
978 3317 1001 3365 V
1040 3318 1073 3368 26

103 3389 134 3432 et
153 3382 197 3437 sd.
217 3382 299 3434 leude
317 3383 406 3436 Bert:
427 3389 455 3434 et
472 3385 517 3434 ad.
535 3385 602 3450 reip.
621 3383 704 3434 leude
722 3386 739 3433 c
757 3383 789 3432 W
807 3387 835 3435 et
853 3383 895 3444 qd.
914 3399 972 3450 rep.
990 3384 1071 3434 laude

100 3452 126 3500 A
143 3450 165 3501 B
183 3449 266 3568 lauze
282 3450 305 3498 V
322 3467 369 3502 om.
387 3458 416 3502 et
434 3449 502 3518 adn
519 3453 552 3504 27
571 3452 715 3504 aduicibus
733 3452 756 3502 A
772 3449 782 3518 ΙΙ
799 3453 832 3504 28
849 3466 959 3516 pernen.
977 3450 1023 3517 ΔΙΙ
1039 3455 1072 3504 30

101 3519 219 3570 antonio
