2578 4000
194 205 257 270 131
520 207 555 258 r.
585 204 733 256 NAZARII
750 204 830 256 rau.

194 377 283 419 serae
305 353 470 418 timiditati
497 375 548 418 res
571 353 779 437 ostentanda,
810 355 888 502 inqu
910 376 991 439 quae
1013 355 1162 420 habuerit

115 483 119 488 -
195 440 393 523 dignitatem.
445 439 514 521 ipsa
549 441 655 502 autem
682 437 814 504 Uerona
865 444 935 503 arta
966 439 1161 504 immanibus

195 525 309 607 copiis,
347 544 426 606 quas
460 525 494 586 in
523 545 622 588 unum
656 523 813 588 aduentus
840 523 888 587 tui
916 522 1053 588 formido
1087 546 1161 589 con·

195 609 343 685 duxerat,
367 629 439 671 cum
460 606 631 672 multorum
653 607 718 671 iam
736 607 840 672 clades
863 607 1054 690 accepisset,
1077 609 1162 672 facta

169 697 245 756 test
274 713 444 775 parumper
476 694 562 755 metu
591 694 730 770 cautior,
768 713 834 756 non
866 692 990 756 ratione
1018 693 1160 757 felicior:

194 776 293 840 muris
321 798 354 840 se
382 776 422 839 ab
444 777 566 872 impetu
588 777 773 840 uindicauit.
819 775 930 840 aderat
955 775 1074 840 ibidem
1096 776 1162 840 Ru·

194 861 301 943 ricius,
325 861 618 943 experientissimus
634 860 709 925 belli
732 864 764 924 et
783 860 1022 944 tyrannicorum
1045 861 1162 926 ducum

194 944 350 1008 columen.
385 965 443 1027 per
463 947 533 1008 tota
554 946 680 1009 moenia
702 945 870 1008 admodum
892 966 1013 1029 magna
1034 945 1084 1009 uis
1107 945 1162 1010 ho

194 1029 332 1111 minum;
361 1028 415 1091 sed
437 1029 521 1111 apud
544 1027 686 1093 Brixiam
712 1029 856 1112 plerique
883 1029 947 1092 iam
974 1027 1082 1093 fracti.
1125 1034 1163 1094 ut

156 1129 183 1168 1⁰
195 1112 229 1176 in
247 1133 378 1194 corpore
401 1133 473 1177 cum
489 1105 595 1196 aliqua
609 1134 684 1195 pars
706 1134 804 1197 aegra
819 1116 876 1195 est,
900 1111 1042 1176 ualitudo
1058 1113 1162 1178 omnis

196 1196 409 1261 contaminari
431 1196 527 1260 solet:
551 1196 596 1260 sic
618 1197 704 1261 illius
719 1197 934 1261 multitudinis
949 1197 1055 1280 portio
1076 1197 1162 1261 malo

194 1280 308 1345 affecta
330 1282 433 1346 totum
455 1282 492 1345 ia
514 1281 687 1345 exercitum
707 1281 832 1346 timoris
862 1282 1047 1365 contagium
1070 1282 1162 1346 dissi-

194 1370 296 1448 parat.
341 1386 436 1448 quam
464 1364 575 1430 faciles
598 1365 707 1449 lapsus
734 1366 902 1430 infirmitas
928 1366 1060 1448 habeat,
1090 1387 1162 1430 cum

194 1471 264 1514 eam
293 1450 519 1532 intempestiua
546 1451 646 1513 mouit
673 1450 819 1533 audacia,
850 1471 922 1514 cum
951 1471 1045 1532 saepe
1072 1450 1162 1531 alias,

157 1548 183 1590 15
195 1537 264 1597 tum
285 1533 422 1597 maxime
443 1534 480 1596 in
494 1533 551 1597 illa
572 1534 735 1598 obsidione
750 1542 954 1618 perspectum
972 1542 1031 1598 cst.
1062 1533 1163 1598 clausi

195 1619 350 1700 impetum
364 1617 489 1683 faciunt
509 1621 541 1681 ct
556 1618 610 1701 qni
625 1640 658 1682 se
674 1617 868 1702 aliquamdiu
882 1619 1010 1683 latendo
1025 1640 1044 1681 a
1059 1621 1162 1682 morte

194 1701 415 1783 defenderant,
437 1702 523 1766 facta
538 1702 706 1786 pugnandi
721 1703 824 1786 eopia,
847 1724 966 1786 poenas
984 1703 1163 1786 eruptionis

194 1787 384 1851 temerariae
414 1786 644 1870 pependerunt.
688 1786 835 1870 idemque
866 1786 1016 1851 Ruricius
1044 1809 1164 1872 magna

194 1892 325 1935 suorum
347 1871 436 1935 clade
458 1871 595 1936 reiectus
616 1871 652 1935 in
666 1872 804 1953 moenia,
827 1893 883 1955 spe
906 1871 970 1936 iam
986 1870 1083 1952 larsa,
1108 1871 1163 1935 sed

156 1970 182 2012 ²0
196 1955 300 2020 adhuc
332 1958 439 2020 mente
472 1977 591 2020 uesana
624 1977 696 2021 cum
724 1977 757 2020 se
779 1954 909 2022 Uerona
939 1955 1161 2040 proripuisset,

195 2061 297 2104 nouos
320 2039 430 2104 eodem
451 2041 518 2124 egit
540 2039 697 2104 exercitus
718 2045 751 2104 et
772 2039 1004 2123 praecipitante
1025 2041 1090 2105 iam
1112 2039 1163 2103 dic

195 2124 315 2187 bellum
336 2145 402 2187 non
422 2123 623 2206 detractauit,
644 2143 774 2208 pugnae
791 2123 915 2188 auidior
950 2145 1025 2188 uam
1040 2123 1162 2188 salutis.

196 2207 251 2271 sed
273 2228 345 2270 eum
368 2206 471 2270 exitus
493 2207 596 2291 magis
617 2228 712 2290 quam
735 2209 850 2273 merita
864 2145 1059 2273 fefellerunt.
1087 2229 1163 2273 nam

195 2291 337 2355 furorem
364 2312 449 2355 mors
476 2291 602 2355 demum
630 2292 767 2375 domuit,
799 2314 892 2377 quem
920 2314 988 2356 non
1015 2295 1164 2376 potuerat

158 2390 183 2431 2⁵
196 2397 256 2440 nec
279 2373 471 2440 considerati
493 2377 576 2440 ratio
599 2398 658 2441 nec
680 2376 758 2441 uicti
779 2376 917 2442 formido
939 2398 1063 2441 sanare.

253 2457 373 2524 XXVI.
393 2458 419 2523 O
435 2481 499 2523 nox
514 2459 570 2523 illa
585 2461 723 2524 aeternis
734 2461 868 2525 saeculis
883 2460 1163 2544 monumentisque

196 2543 393 2607 mandanda!
410 2563 482 2608 cum
494 2543 605 2627 spissis
613 2544 755 2608 tenebris
764 2547 882 2630 quippe
896 2567 1070 2630 congressu
1080 2545 1163 2626 facto

266 2786 276 2831 1
297 2781 409 2831 timidit.
428 2782 543 2833 miserae
562 2785 579 2832 0
600 2780 610 2847 1
631 2786 646 2832 1
665 2783 737 2834 farta
756 2800 817 2847 epo:
835 2784 908 2833 ferta
927 2781 1013 2845 (freta
1032 2781 1163 2846 0)1re·

196 2851 271 2900 ferta
290 2861 313 2898 w
342 2847 352 2915 11
382 2850 743 2913 omndieant1,eorreaei
768 2850 772 2914 Ι
800 2851 898 2900 aderat
917 2851 1026 2916 quidem
1045 2851 1108 2900 Rur.
1126 2853 1162 2912 1,

195 2919 303 2970 correxi
330 2915 340 2982 11
371 2919 385 2966 7
408 2918 651 2982 experientissimi]
669 2918 731 2968 Η
761 2915 771 2982 11
800 2919 817 2968 8
840 2916 981 2967 admodum
1000 2919 1111 2968 moenia
1128 2919 1163 2974 1.

197 2987 345 3050 transposui
366 2982 377 3049 11
406 2984 488 3035 9sad
506 2987 652 3035 Liuineius:
671 2991 698 3035 et
715 2987 742 3034 11
769 2983 779 3050 11
809 2987 840 3034 11
858 2987 887 3034 in
906 2986 1054 3036 Acidaliae:
1072 3001 1119 3035 om.
1137 2985 1165 3032 Ι

198 3049 201 3116 1
222 3052 352 3116 contagio
370 3064 395 3100 w
415 3049 425 3115 11
449 3054 479 3102 13
497 3052 599 3104 babeat
617 3055 765 3103 Acidaliae:
784 3052 870 3102 habet
886 3053 913 3100 11
930 3051 1045 3104 haberat
1062 3051 1138 3102 Bert.
1156 3047 1164 3114 11

198 3123 229 3170 14
246 3124 339 3170 mouet
357 3118 433 3170 Bert.
449 3115 459 3184 1
481 3120 513 3168 1⁷
532 3121 613 3182 copia
626 3119 717 3171 Bari:
737 3135 823 3169 causa
840 3121 867 3168 1
885 3116 895 3183 11
917 3121 949 3170 19
968 3119 1016 3170 sed
1034 3121 1164 3183 Lanpr'uc:

196 3190 225 3235 et
241 3188 269 3235 1
297 3185 307 3250 1
337 3189 370 3237 10
387 3186 525 3236 Ueronam
542 3188 582 3244 11,
600 3202 669 3237 corr.
687 3186 817 3236 Liuineius
846 3183 856 3250 11
885 3188 918 3235 11
937 3183 1004 3252 agit]
1024 3186 1134 3251 cogito
1156 3183 1165 3246 11

196 3254 230 3302 14
247 3253 327 3304 demo
346 3254 450 3304 domuit
466 3267 528 3319 epo:
555 3254 659 3304 demuit
675 3255 696 3302 B
714 3255 732 3302 c
751 3255 773 3301 V
790 3253 824 3300 W
840 3253 944 3304 domuit
960 3255 984 3301 A
1001 3255 1061 3304 cdd.
1092 3250 1103 3316 1
1131 3253 1164 3302 15

197 3319 377 3382 considerati3
403 3322 485 3371 malim
508 3320 680 3372 confederati
708 3318 718 3386 l
748 3321 781 3373 16
803 3319 826 3371 Ο
847 3335 901 3370 uox
919 3321 942 3368 A
970 3318 980 3385 1
1009 3323 1042 3371 17
1066 3320 1164 3385 spissis

196 3387 273 3437 cdd:
307 3388 366 3451 epla
393 3388 416 3435 A
441 3395 466 3437 et
491 3389 525 3435 W
552 3405 605 3439 cum
631 3391 703 3452 aipno
731 3391 906 3450 corruptelae,
937 3388 1054 3451 spiculis
1080 3387 1164 3447 Bart.¹

197 3453 278 3518 epiris
295 3454 315 3500 B
334 3455 392 3567 cxv
406 3454 411 3517 1
427 3453 547 3504 tenebris
566 3456 667 3521 quippe
687 3471 747 3521 epo:
767 3457 940 3519 tenebrisque
958 3455 1005 3518 11
1024 3456 1101 3505 facto
1119 3455 1164 3503 ad·

196 3521 266 3572 didi:
284 3537 331 3570 om.
