2572 3990
208 207 256 272 54
540 209 563 258 1.
600 208 861 264 (1111111111.

210 381 287 422 nam
320 357 445 441 saepius
481 379 627 423 recusare
667 358 849 442 ambiguam
883 379 920 423 ao
955 359 1062 444 potius
1094 362 1182 428 illam

210 443 510 526 interpretationem
530 441 638 526 habet,
661 445 825 526 tamquam
846 443 1004 508 minorem
1017 448 1129 528 putes
1146 451 1181 512 tu
1280 485 1281 504 2

210 527 338 611 quidem
360 531 396 591 ut
416 527 591 592 maximum
614 527 785 610 recusasti3
814 527 869 592 sed
900 528 963 592 hcc
991 531 1181 612 persuadere

208 611 331 678 nemini
358 612 489 695 poteris,
517 612 581 675 nisi
610 612 782 695 aliquando
816 615 848 676 et
875 633 941 676 non
974 617 1180 682 recusaueris.

182 716 282 761 scum
311 717 411 779 meus,
441 718 513 760 oum
541 696 709 780 trophaea,
737 717 811 760 cum
839 700 961 762 statuas
990 699 1180 796 deprecaris,

207 780 379 846 tribuenda
402 783 452 844 eet
466 781 677 848 uerecundiae
699 784 772 845 tuae
788 781 899 846 uenia:
922 781 979 846 illa
994 803 1079 847 emm
1102 806 1179 850 sane

207 866 268 929 tibi
284 865 442 930 dicantur.
466 887 553 931 nuno
568 887 645 930 uero
668 865 870 949 postulamus
883 869 921 929 ut
941 867 1068 932 futuros
1090 868 1179 952 prin-

208 951 294 1034 cipes
323 949 437 1014 doceas
469 949 605 1015 inertiae
632 951 827 1033 renuntiare,
856 951 1018 1034 paulisper
1047 953 1177 1018 delicias

207 1033 345 1116 differre,
369 1033 532 1117 paulisper
554 1037 587 1099 et
609 1035 723 1098 saltem
744 1035 783 1098 ad
805 1035 1030 1100 breuissimum
1051 1040 1178 1122 tempus

150 1139 194 1178 ,ιο
207 1141 246 1183 ex
269 1118 326 1182 illo
348 1119 514 1184 felicitatis
537 1141 648 1184 somno
663 1119 753 1183 uelut
767 1119 909 1203 excitari,
932 1120 1065 1184 induere
1086 1144 1176 1205 prae·

201 1205 328 1268 textam
350 1225 457 1287 quam,
480 1225 552 1268 cum
571 1203 650 1268 dare
672 1207 819 1287 possent,
842 1206 1044 1290 occuparint,
1066 1227 1178 1270 ascen-

203 1289 279 1352 dere
309 1287 450 1352 ourulam
481 1310 575 1372 quam
603 1288 784 1373 detineant,
824 1311 892 1353 esse
928 1289 1064 1374 denique
1092 1291 1178 1374 quod

203 1373 427 1455 concupierint
455 1395 513 1437 nec
534 1373 607 1438 ideo
630 1376 757 1438 tantum
779 1373 860 1438 uelle
882 1374 1028 1439 consules
1049 1375 1120 1438 fieri
1142 1379 1177 1438 ut

201 1457 333 1522 fuerint.
376 1458 507 1542 gessisti
544 1459 679 1522 alterum
716 1458 926 1541 consulatum,
958 1459 1046 1530 scio:
1084 1459 1177 1523 illum

164 1557 189 1598 1⁵
203 1542 407 1620 exercitibus
445 1543 537 1608 illum
572 1543 757 1627 prouinciis,
794 1543 886 1607 illum
905 1543 1020 1607 'etiam
1057 1545 1176 1608 exteris

201 1626 353 1710 gentibus
375 1628 496 1710 poteris
518 1628 688 1711 imputare,
711 1649 779 1692 non
793 1631 884 1710 potes
900 1627 1006 1691 nobis.
1029 1628 1175 1692 audimus
1280 1621 1281 1648 ³

224 1711 332 1776 uidem
353 1715 385 1775 te
399 1734 495 1776 omne
516 1734 632 1777 munus
648 1711 791 1777 consulis
804 1712 917 1795 obisse,
940 1712 997 1776 sed
1011 1711 1175 1777 audimus:

227 1796 318 1860 'cerm
329 1797 523 1862 iustissimus
535 1797 784 1865 humanissimus
797 1796 1051 1880 patientissimus
1064 1796 1173 1880 fuisse,

202 1880 258 1944 sed
274 1881 399 1945 diceris.
427 1903 564 1964 aequum
583 1885 631 1946 est
649 1880 823 1966 aliquando
838 1902 896 1944 nos
918 1881 1036 1945 iudicio
1051 1884 1173 1965 nostre,

164 1981 190 2022 20
203 1965 309 2029 oculis·
327 1967 455 2048 nostris,
478 1987 545 2030 non
567 1966 671 2030 lamae
693 1987 819 2048 semper
846 1968 878 2028 et
905 1966 1084 2030 rumoribus
1108 1985 1175 2029 cre·

203 2049 287 2113 dere.
338 2071 499 2133 quousque
533 2049 682 2113 absentes
712 2050 750 2113 de
777 2050 911 2113 absente
938 2049 1173 2134 gaudebimus?

118 2173 120 2176 -
202 2133 299 2196 liceat
320 2133 458 2215 experiri
481 2154 523 2196 an
546 2133 666 2217 aliquid
685 2134 854 2217 superbiae
876 2134 936 2197 tibi
958 2134 1012 2198 ille
1034 2134 1102 2219 ipse
1126 2156 1174 2198 se·
1279 2127 1280 2154 ³

203 2216 325 2280 eundus
348 2217 532 2281 consulatus
547 2217 704 2282 attulerit:
727 2218 864 2282 multum
885 2218 922 2281 in
937 2219 1173 2282 commutandis

201 2301 344 2365 moribus
367 2300 534 2366 hominum
547 2302 671 2366 medius
694 2325 797 2368 annus
812 2305 909 2385 ualet,
931 2304 967 2366 in
989 2303 1173 2386 principum

164 2399 189 2439 2⁵
201 2384 283 2469 plus.
314 2386 481 2452 didicimus
504 2386 641 2472 quidem,
664 2388 715 2452 cui
737 2388 838 2452 uirtus
861 2387 966 2472 aliqua
987 2388 1172 2472 contingat,

202 2491 315 2535 omnes
337 2476 457 2536 inesse:
480 2472 624 2556 cupimus
645 2475 756 2537 tamen
770 2472 908 2557 experiri
930 2493 973 2536 an
994 2493 1080 2536 nuno
1097 2493 1173 2555 quc-

202 2576 263 2637 que
290 2576 356 2619 una
383 2555 556 2642 eademque
584 2577 635 2620 res
662 2557 704 2620 sit
731 2558 835 2621 bonus
864 2555 975 2620 consul
1002 2558 1035 2620 et
1069 2556 1175 2620 bonus

201 2639 361 2723 princeps.
402 2661 491 2704 'nam
518 2644 647 2724 praeter
671 2641 705 2704 id
732 2640 817 2726 quod
849 2645 898 2705 est
932 2641 1066 2705 arduum
1096 2640 1174 2704 duas
1278 2695 1279 2700 ,

203 2724 298 2788 simul
325 2745 438 2809 capere
466 2728 643 2808 potestates
671 2746 786 2810 casque
815 2747 964 2809 summas,
992 2728 1062 2788 tum
1088 2726 1175 2789 inest
1278 2769 1279 2778 1

165 2823 191 2864 ³0
204 2810 330 2894 utrique
357 2829 423 2874 non
450 2809 539 2874 nulla
567 2810 743 2893 diuersitas,
773 2832 845 2876 oum
872 2810 1053 2895 principem
1077 2831 1175 2893 quam
1278 2817 1279 2860 ³

273 3000 380 3049 inune
396 3015 461 3050 uero
479 3000 599 3065 Lipsius:
626 3016 688 3051 eum
705 3015 770 3051 uero
788 3003 816 3049 H
838 3000 975 3050 enimuero
999 3000 1131 3049 Liuineius
1159 2995 1173 3064 ΙΙ

205 3065 222 3114 8
239 3063 381 3130 paulisper
398 3067 513 3117 delicias
532 3067 641 3119 differre
659 3085 705 3123 om.
723 3069 744 3117 B
762 3070 785 3116 V
807 3064 819 3132 ΙΙ
844 3069 875 3118 10
891 3067 1010 3117 excitari
1026 3066 1175 3120 Liuineius:
1277 3115 1278 3126 2

206 3131 324 3182 excitati
341 3136 369 3180 Η
387 3135 525 3184 excitatos
544 3149 561 3200 ς
587 3133 599 3200 ΙΙ
630 3137 661 3185 11
685 3149 766 3200 quam
788 3134 856 3184 dare
879 3137 987 3200 possint
1011 3149 1072 3186 eum
1094 3148 1176 3184 oceu-

205 3199 300 3264 pariut
319 3200 348 3250 G.
367 3201 404 3254 H.
422 3201 591 3265 Sclaeserms
618 3215 699 3266 qnam
724 3207 756 3252 ut
778 3201 845 3251 dare
871 3205 987 3266 possent
1012 3203 1176 3266 occuparint

207 3264 333 3330 disceptus
352 3281 376 3332 q.
392 3284 415 3318 c.
428 3268 453 3317 d.
471 3270 581 3333 possint
598 3273 733 3333 occupent
745 3266 905 3334 Ernestiusl]
920 3271 950 3318 12
968 3265 1039 3332 esse]
1058 3283 1136 3318 omne
1155 3269 1175 3317 (1

206 3329 220 3397 ll
241 3334 273 3382 13
291 3336 489 3400 concupierunt
500 3339 536 3396 Η,
554 3351 623 3389 corr.
635 3351 652 3401 ς
664 3333 674 3400 l
688 3337 720 3386 tt
738 3337 859 3387 caeteris
876 3333 962 3401 (11117
981 3336 1071 3387 odisse
1088 3333 1174 3400 01122
1277 3353 1278 3360 ’

150 3403 152 3410 ’
206 3401 401 3465 experiri-26
413 3405 536 3467 cupimus
549 3408 643 3453 tamen
655 3403 759 3453 0111.Βῖ
771 3401 781 3468 ΙΙ
794 3405 827 3468 25
840 3404 954 3456 dicimus
966 3405 1002 3466 Η,
1014 3417 1084 3456 corr.
1095 3403 1174 3466 Ousp.
1277 3414 1278 3429 ¹

208 3465 220 3530 1
231 3479 292 3517 cum
303 3468 417 3519 uirtutis
433 3470 526 3534 alique
539 3471 704 3536 contingant
716 3473 734 3518 0
747 3469 757 3535 ΙΙ
769 3473 802 3521 28
815 3471 885 3520 duas
897 3485 1001 3534 easque
1015 3470 1047 3524 si.
1060 3483 1103 3523 ca.
1114 3473 1173 3534 pot.

206 3549 325 3588 summes
343 3537 379 3597 21,
398 3538 553 3600 antispasti.
572 3537 640 3592 duas
659 3553 763 3604 easque
781 3549 901 3588 summas
919 3537 952 3587 si.
970 3551 1009 3588 ea.
1028 3541 1083 3602 pot.
1095 3537 1174 3602 cusp.
