2572 3990
189 216 256 266 XIV
564 213 784 268 PRAEFATIO.

185 371 218 428 in
234 368 268 428 tt
282 389 338 447 pro
354 367 425 426 ‘sol'
446 366 479 426 id
494 367 619 444 quodA
637 364 768 444 praebet
784 362 863 424 ‘sed'
879 365 991 424 uitiosa
1011 366 1156 443 scriptum

185 462 266 513 erat:
304 451 402 524 unde,
432 459 465 511 ut
487 450 634 528 librorum
654 448 679 507 Β
702 447 723 508 (l
744 448 771 508 V
792 447 831 509 W
858 467 1027 510 consensus
1056 447 1154 523 docet,

183 538 322 615 Aurispa
344 555 440 616 praue
462 533 663 612 interpolauit
685 532 752 592 ‘sed
772 534 841 611 ipse
856 532 923 592 dies
947 531 1087 593 noctibus
1107 555 1155 594 ac·

183 623 337 700 quiescit'.
366 652 409 663 -
437 639 509 698 pan.
532 617 600 676 XII
622 617 641 675 3
663 617 691 676 Δ
718 615 815 677 tradit
838 613 890 676 ‘de
912 626 943 677 te
965 616 1060 696 igitur
1082 618 1156 677 mihi

183 707 333 766 sermonis
360 704 451 763 huius
480 701 649 781 auspicium
676 701 730 761 ille
753 702 911 762 felicitatis
932 700 1075 782 publicae
1104 722 1156 760 au·

183 810 260 869 spex
291 789 369 849 dies'
397 788 540 867 idemque
573 787 606 845 in
633 805 689 845 suo
718 784 796 846 libro
829 789 1006 866 repperisse
1034 786 1158 847 uidetur

185 873 412 952 Ouspinianus,
436 873 489 950 qni
511 890 567 950 pro
590 868 643 930 ‘de
664 872 708 928 te'
731 879 814 930 recte
837 875 974 950 reposuit
997 870 1091 930 ‘det’z
1126 881 1157 930 at

184 959 266 1020 enim
288 957 321 1016 in
343 956 369 1016 B
385 955 406 1017 0
420 953 448 1014 V
462 954 501 1016 W
522 954 744 1034 interpolatum
767 963 813 1014 est
835 955 887 1015 ‘de
902 963 933 1015 te
950 958 991 1034 ig.
1009 975 1048 1014 m.
1065 974 1155 1014 serm.

78 1041 82 1048 ⁴
182 1043 213 1102 h.
242 1047 298 1100 crit
328 1041 509 1120 auspicium’
537 1059 601 1118 eqs.
630 1071 673 1082 -
706 1047 737 1098 et
763 1039 840 1099 hacc
868 1039 991 1118 quidem
1021 1038 1059 1098 de
1087 1040 1155 1118 ipso

181 1126 339 1204 Aurispae
367 1123 547 1202 exemplari.
591 1124 625 1182 in
653 1122 809 1184 codicibus
838 1131 941 1184 autem
968 1143 1007 1184 ex
1029 1142 1065 1182 eo
1088 1143 1156 1203 pro-

183 1210 273 1270 fectis
295 1209 373 1269 illud
396 1208 562 1269 obseruare
583 1208 670 1280 licet,
695 1228 762 1268 cum
783 1209 947 1268 remotiore
969 1227 1090 1287 quoque
1113 1209 1157 1267 af·

184 1295 312 1353 finitatis
334 1293 433 1371 gradu
448 1293 538 1352 latius
554 1293 721 1371 propagari
744 1300 775 1351 et
790 1293 996 1371 corruptelam
1018 1300 1048 1352 et
1063 1293 1156 1352 inter-

184 1379 386 1458 polationem.
413 1377 498 1437 hand
519 1396 589 1436 raro
613 1377 695 1436 euim
717 1376 749 1434 in
764 1375 789 1434 Β
805 1375 869 1436 GV
890 1386 1005 1437 rectam
1023 1376 1158 1457 aliquam

183 1463 351 1523 lectionem
373 1462 557 1534 innenimus,
583 1480 673 1539 quarn
693 1470 797 1520 tamen
811 1461 892 1520 Italo
916 1461 1072 1521 nesciocui
1094 1481 1157 1520 cor-

184 1545 295 1618 rectori
319 1545 428 1605 deberi
455 1547 652 1605 consentiens
674 1544 822 1604 librorum
843 1546 872 1605 Δ
894 1555 924 1605 et
945 1545 985 1607 W
1006 1546 1158 1625 scriptura

185 1631 377 1710 apertissime
405 1629 505 1690 docet.
555 1649 666 1708 nempe
694 1629 878 1709 ubicumque
906 1629 953 1703 W,
992 1629 1046 1710 qui
1074 1649 1157 1689 nunc

185 1714 310 1795 quidem
333 1715 446 1794 optime
467 1714 620 1792 Aurispae
643 1715 799 1792 exemplar
820 1714 1155 1794 nobisrepraesentat,

186 1820 253 1860 cum
274 1799 303 1860 A
325 1800 489 1872 consentit,
512 1797 546 1857 tt
567 1817 690 1877 quoque
712 1799 756 1858 ita
777 1799 891 1876 legisse
913 1799 993 1859 ultro
1015 1806 1156 1877 apparet.

185 1883 237 1942 ubi
260 1891 363 1942 autem
383 1883 424 1944 W
445 1902 512 1941 cum
533 1881 558 1940 B
581 1881 602 1942 (l
621 1881 650 1942 V
677 1883 721 1940 ita
748 1883 902 1942 consentit
930 1892 964 1942 ut
990 1884 1055 1942 eius
1084 1883 1156 1940 scri·

185 1977 277 2047 ptura
299 1988 318 2025 a
337 1975 507 2026 correctore
530 1967 570 2024 sit
592 1967 748 2038 restituta,
773 1964 800 2024 A
821 1966 920 2038 solus,
945 1975 979 2025 ut
1002 1985 1086 2026 nunc
1107 1985 1157 2026 res

186 2059 242 2123 est,
266 2051 429 2130 archetypi
451 2051 632 2129 scripturam
654 2049 744 2110 nobis
766 2049 898 2109 reddere
921 2051 1076 2128 putandus
1100 2059 1157 2110 est.

185 2135 284 2194 ueluti
305 2135 372 2193 XII
394 2135 413 2192 3
442 2133 543 2213 ‘quasi
566 2134 734 2212 praeterita
762 2134 825 2192 sint
847 2132 1024 2195 oblitterata
1052 2135 1079 2194 si
1103 2134 1156 2194 de-

185 2219 281 2279 sinas'
304 2227 473 2279 extremum
494 2216 676 2277 uocabulum
699 2237 763 2278 non
779 2215 885 2278 dubito
908 2221 982 2298 quin
1005 2221 1039 2279 in
1053 2219 1078 2278 Β
1094 2218 1115 2279 (l
1129 2217 1157 2278 V

187 2324 226 2364 ex
246 2302 321 2362 Itali
347 2303 505 2363 cuiusdam
533 2303 710 2362 coniectura
735 2302 776 2361 sit
801 2303 993 2364 restitutum:
1028 2323 1099 2362 nam
1123 2301 1157 2361 id

187 2386 312 2467 quodA
333 2385 428 2446 habet
451 2385 641 2447 ‘desidenas'
657 2385 824 2465 Aurispam
845 2407 968 2467 quoque
992 2397 1030 2448 ex
1050 2387 1084 2447 st
1107 2386 1157 2444 de-

188 2472 347 2548 scripsisse
364 2489 473 2530 rasura
488 2469 617 2531 duarum
630 2470 801 2531 litterarum
824 2473 906 2531 inter
921 2471 1012 2532 ‘desi'
1030 2479 1060 2532 et
1075 2471 1156 2528 ‘nas’

188 2557 221 2615 in
248 2554 287 2616 W
317 2555 513 2616 demonstrat.
546 2586 586 2596 -
620 2553 676 2614 sed
702 2564 737 2615 ut
765 2555 858 2634 plane
888 2565 1038 2635 appareat
1066 2573 1155 2634 quam

187 2641 282 2717 longe
305 2641 337 2698 in
361 2638 518 2699 codicibus
538 2638 665 2713 Italicis,
688 2639 819 2700 maxime
840 2639 952 2713 BGV,
975 2639 1159 2720 processerit

188 2724 388 2803 interpolatio
412 2720 608 2802 (quamquam
629 2724 724 2802 longe
741 2724 864 2785 diuersa
885 2724 940 2783 illa
962 2725 1000 2783 ab
1019 2743 1056 2783 ea
1078 2741 1158 2802 quae

189 2811 222 2869 in
237 2808 277 2870 W
291 2806 449 2887 optinuit),
474 2808 599 2869 afferam
617 2809 759 2888 exempla
782 2830 819 2868 ex
835 2809 1027 2886 corruptelae
1043 2825 1158 2885 genere

191 2913 228 2953 eo
254 2893 338 2973 quod
362 2893 601 2973 dittographiam
628 2912 740 2953 uocare
769 2894 983 2954 consueuimus
1005 2899 1157 2971 prompta:

190 2979 334 3038 nImirum
362 2977 475 3038 accidit
496 2979 652 3038 interdum
680 2979 713 3036 in
734 2977 768 3037 Μ
795 2987 828 3038 ut
849 2976 989 3036 librarius
1017 2975 1159 3034 uoculam

191 3062 324 3141 aliquam
347 3063 514 3136 omitteret,
545 3062 660 3122 deinde
683 3080 786 3122 errore
808 3059 1022 3121 animaduerso
1044 3061 1089 3118 ita
1111 3078 1157 3117 re·

190 3155 321 3226 poneret
342 3150 378 3206 ut
395 3156 499 3207 tamen
520 3143 553 3205 id
568 3145 652 3224 quod
674 3147 735 3204 iam
750 3144 955 3225 descripserat
975 3141 1158 3203 uocabulum

191 3230 384 3309 subsequens
408 3251 472 3290 non
495 3238 696 3310 expungeret,
721 3228 777 3290 sed
800 3237 869 3308 post
890 3227 1058 3306 repositum
1079 3225 1159 3284 illud

191 3316 300 3374 iterum
321 3322 485 3393 repeteret.
511 3314 601 3372 huius
623 3312 729 3372 mendi
748 3313 888 3391 exempla
909 3313 1031 3387 integra
1052 3329 1158 3370 omnes

192 3400 251 3458 mei
274 3397 396 3458 codices
418 3397 572 3478 praebent·
591 3397 684 3456 haec:
721 3418 751 3476 p.
775 3398 828 3470 48,
854 3398 871 3454 1
896 3397 940 3454 ‘in
962 3402 1019 3464 te,
1034 3391 1157 3466 Caesar,

192 3483 370 3544 muneribus
393 3483 531 3542 omnibus
553 3482 613 3541 tuis
637 3480 777 3542 omnibus
801 3480 954 3558 comparo'
978 3485 1061 3556 etp.
1088 3478 1157 3550 101,
