2586 3996
310 253 523 315 rusouosm
542 253 711 306 aucusro
730 255 764 310 n.
785 257 894 306 aa-ae.
1025 254 1088 320 305

116 405 258 487 tyranno
272 401 423 467 funebres
437 402 549 466 nenias
572 405 605 466 et
621 423 749 466 carmen
771 403 934 486 exequiale
950 404 1086 470 dicebat.

12 483 25 548 J„
119 486 174 552 hic
186 489 377 571 perpetuum
398 486 502 550 uictis
515 486 646 568 abitum,
669 485 723 550 ille
744 486 918 552 uictoribus
942 489 1088 554 crebrum

7 567 25 659 pf
119 571 254 655 optabat
276 571 461 635 aduentum.
489 571 554 634 iam
577 591 775 654 quocumque
792 571 920 636 tulisses
941 572 1086 657 gradum,

118 656 479 804 tltdttttttl
501 654 1112 823 utilitatisttulit?⁵

7 803 22 912 ἱ
119 828 264 907 spectus:
295 823 447 888 blandam
468 823 528 888 tibi
550 823 689 888 faciebat
710 823 862 888 iniuriam
886 827 1088 892 contumacia

117 908 319 1056 prandiorum.
370 907 445 992 quid
479 929 538 992 ego
571 908 707 973 referam
734 913 806 992 pro
825 909 992 974 moenibus
1021 911 1087 976 suis

10 991 22 1076 ζ,
134 995 238 1056 estum
251 992 371 1058 liberae
393 991 570 1057 nobilitatis
594 1013 769 1077 occursum,
793 994 983 1077 conspicuos
998 999 1087 1060 ueste

117 1077 215 1141 niuea
237 1080 416 1158 senatores,
445 1075 636 1142 reuerendos
656 1077 846 1162 municipali
867 1101 1010 1162 purpura
1032 1080 1088 1148 fla*

116 1159 236 1243 mines,
273 1162 419 1246 insignes
452 1162 596 1245 apicibus
625 1162 829 1227 sacerdotes?
874 1164 947 1245 quid
971 1167 1085 1310 portas
1100 1183 1125 1224 ιο

8 1252 23 1322 «ς,
117 1246 297 1310 uirentibus
325 1247 419 1310 sertis
445 1246 639 1309 coronatas?
684 1245 759 1329 quid
782 1247 903 1310 aulaeis
925 1269 969 1310 un
993 1250 1086 1312 antes

117 1329 251 1477 ausa
271 1329 1086 1498 ilariusfiuuuuuuuuuuau

9 1497 24 1582 a
117 1497 212 1561 annis
239 1517 348 1580 senes,
377 1517 493 1580 pueros
514 1496 575 1560 tibi
596 1496 728 1581 longam
755 1497 942 1562 seruitutem
968 1519 1085 1564 uouen·
1138 1514 1139 1518 ’

116 1585 177 1665 tes,
192 1584 310 1646 matres
323 1581 425 1644 laetas
440 1581 646 1665 uirginesque
661 1581 810 1644 securas?
832 1581 974 1646 nondum
991 1605 1084 1648 omne
1099 1601 1123 1643 is

11 1707 23 1753 ᾧ
117 1665 301 1731 confeceras
323 1665 458 1744 bellum,
482 1666 547 1729 iam
570 1665 687 1750 agebas
710 1664 916 1749 triumphum.

12 1739 22 1830 tj
180 1748 364 1814 XXXVIII.
393 1749 467 1814 Ibat
480 1750 611 1814 interim
626 1748 785 1814 Maximus
806 1771 844 1814 ac
859 1755 891 1814 te
929 1753 979 1814 ost
993 1754 1085 1836 terga

18 1907 22 1914 ,
114 1837 304 1918 respectans
320 1835 356 1898 in
371 1834 499 1898 modum
514 1834 651 1898 amentis
667 1835 828 1913 ,attonitus
843 1772 1001 1898 auoldbat.
1024 1857 1084 1900 nec

117 1918 218 1982 ullum
245 1919 300 1983 ille
324 1919 492 1983 consilium
519 1918 660 1982 ullamne
681 1919 842 1982 rationem
869 1922 926 1990 aut
947 1919 1083 2004 denique

7 2001 20 2078 t.
117 2025 221 2088 spem,
251 2024 332 2087 quae
352 2006 515 2087 postrema
541 2002 687 2067 homines
715 2002 848 2085 deserit,
876 2003 1083 2087 sequebatur:
1097 2023 1122 2064 rc

7 2099 11 2156 ζ
115 2086 194 2172 quin
220 2089 308 2171 ipsos
336 2089 407 2153 uiae
434 2087 619 2171 implicabat
647 2109 769 2152 errores
798 2091 830 2152 et
857 2109 944 2152 nunc
974 2086 1084 2152 dexter
1162 2105 1166 2110 ·

114 2176 172 2236 aut
193 2172 317 2256 laeuus,
341 2193 429 2237 nunc
450 2172 597 2256 uestigiis
619 2173 685 2236 suis
707 2172 821 2236 obuius
843 2173 1001 2236 incertum
1021 2173 1084 2238 iter

7 2267 12 2342 ζ
116 2255 251 2338 ancipiti
285 2256 421 2340 ambage
448 2256 587 2319 texebat.
635 2257 782 2338 quotiens
809 2257 871 2320 sibi
898 2258 1003 2340 ipsum
1025 2280 1082 2341 pu-

7 2335 17 2360 ”
114 2343 220 2404 tamus
243 2339 375 2404 dixisse:
413 2346 488 2423 ‘quo
509 2337 622 2423 fugio?
651 2339 811 2404 bellumne
832 2340 1018 2424 temptabo?
1047 2347 1083 2406 ut

8 2491 15 2510 ss
116 2445 211 2507 quem
232 2422 354 2487 uiribus
373 2425 451 2487 totis
473 2421 557 2486 ferre
578 2443 647 2486 non
662 2424 755 2507 potui
768 2426 860 2508 parte
882 2426 1083 2490 sustineam?
1096 2443 1121 2484 u

7 2511 15 2582 J'
82 2527 84 2531 ·
114 2507 217 2590 Alpes
239 2505 363 2572 Cottius
386 2507 557 2590 obserabo,
580 2507 655 2591 quia
675 2509 724 2574 nil
744 2507 844 2572 Iuliae
866 2509 1081 2592 profuerunt?

7 2589 15 2616 ⁹
114 2596 190 2675 peto
199 2591 343 2656 Africam
359 2614 454 2675 quarn
470 2591 623 2656 exhausi?
646 2595 756 2676 repeto
768 2591 971 2657 Britanniam
986 2615 1083 2677 quam

7 2676 13 2700 ³
113 2675 251 2759 reliqui?
276 2674 368 2740 credo
390 2698 441 2740 me
457 2675 603 2740 Galliae?
627 2677 683 2742 sed
704 2677 827 2740 inuisus
850 2697 931 2740 sum.
964 2677 1081 2760 Hispa-

8 2760 12 2768 ’
114 2760 189 2824 niae
217 2761 403 2824 committo?
437 2759 492 2823 sed
520 2762 614 2822 notus
643 2781 722 2823 sum.
768 2759 844 2842 quid
866 2781 942 2844 ergo
963 2759 1081 2824 faciam
1176 2755 1181 2768 ’

7 2831 10 2868 ³
113 2844 199 2907 inter
224 2865 313 2907 arma
341 2846 374 2907 et
396 2843 469 2906 odia
496 2841 642 2907 medius?
678 2846 811 2928 atcrgc
834 2863 962 2926 premor
982 2843 1082 2908 hosti·
1095 2862 1120 2902 ao

116 3035 320 3042 *—

183 3168 196 3215 1
220 3167 318 3216 uenias
340 3167 367 3214 u
395 3163 406 3231 ΙΙ
441 3168 456 3215 2
479 3165 604 3216 habitum
626 3167 654 3214 H
682 3163 692 3230 11
722 3169 737 3216 3
760 3166 816 3216 iam
838 3179 946 3230 quoquo
969 3165 1043 3216 Bert.
1072 3164 1080 3233 ll

112 3235 129 3282 6
148 3234 323 3283 contumacia
341 3233 501 3298 gaudiorum
519 3235 541 3280 Δ
558 3233 647 3283 Bert:
666 3249 712 3284 om.
730 3234 751 3281 B
770 3235 787 3281 c
806 3234 828 3281 V
844 3233 878 3282 W
900 3232 910 3298 ΙΙ
940 3235 955 3284 7
975 3247 1040 3298 ergo
1057 3234 1080 3283 Δ

112 3299 120 3364 ll
152 3301 269 3350 luanus
287 3315 368 3352 senes
387 3314 411 3349 w
436 3299 442 3364 Ι
470 3305 674 3366 seuectutemg
703 3298 713 3366 ΙΙ
743 3303 775 3352 18
794 3299 978 3352 aduolabatc
1008 3299 1018 3366 ΙΙ
1047 3304 1080 3352 20

112 3370 252 3432 postremo
265 3367 341 3418 Bert.
358 3365 369 3433 ΙΙ
389 3370 499 3434 a1ips0
518 3383 547 3418 se
566 3383 593 3418 u.
608 3369 626 3418 i.
646 3383 736 3419 errore
750 3369 882 3420 Liuineius
902 3365 912 3434 ΙΙ
934 3369 966 3419 25
985 3366 1077 3434 quem]

112 3432 184 3499 quod
201 3448 226 3483 w
255 3432 265 3500 ΙΙ
294 3436 327 3485 26
345 3435 498 3486 obseruabo
515 3434 591 3487 Bere.
611 3434 755 3486 obserrabc
773 3450 798 3485 w
822 3433 826 3501 Ι
850 3436 890 3485 nil
909 3452 969 3502 epo:
987 3453 1034 3487 cm.
1053 3438 1080 3483 n

113 3501 116 3566 1
146 3500 321 3568 profuerunt]
341 3507 491 3568 patuerunt
508 3511 538 3551 w·
562 3501 572 3568 ΙΙ
602 3506 635 3554 29
652 3499 747 3570 nctus]
768 3503 919 3570 deuotusg
948 3501 958 3568 11
988 3506 1020 3554 30
1038 3505 1080 3551 in·
1150 3503 1152 3508 ’

111 3576 157 3620 tus
175 3571 235 3618 BV
487 3584 491 3595 ¹
583 3585 585 3589 ⁴

162 3659 250 3700 Pms.
264 3670 317 3700 aar.
893 3657 926 3704 20
