2586 3996
320 230 533 284 rnaoncsrc
552 231 723 284 AUGUSTO
743 233 776 284 n.
795 236 904 288 ao-sa.
1032 231 1095 296 299

129 380 208 444 lium
245 381 395 444 statarius
430 381 494 444 lixa
526 380 709 465 potuisset?
754 403 821 446 non
855 382 964 446 statim
997 383 1096 446 totius

130 465 269 529 subisset
297 464 458 528 hominem
490 467 656 548 praeteriti
688 467 736 530 sui
768 467 878 550 tuique
912 467 1095 550 reputatio?

7 607 9 618 ,
102 551 106 557 ’
129 571 196 613 nou
214 549 359 633 sibiipsa
374 549 544 624 obiecisset
558 553 591 614 te
607 572 675 614 csse
690 550 893 634 triumphalis
908 551 970 614 uiri
984 551 1096 634 filium,

130 655 163 698 se
178 633 280 717 patris
295 636 468 717 incertum3
490 639 523 698 te
538 635 687 698 heredem
708 635 926 698 nobilissimae
941 635 1095 719 familiae,

130 740 164 783 se
187 718 350 803 clientem3
382 722 415 782 te
438 720 525 782 omni
546 722 632 783 retro
654 723 798 802 tempore
819 719 957 784 Romani
980 721 1123 784 exerui-s

129 807 181 866 tus
204 803 316 867 ducem
338 808 367 868 et
385 803 544 867 libertatis
566 806 751 888 patronum,
776 825 809 867 se
831 803 916 868 orbis
939 807 1097 877 extorrem

130 887 316 971 patriaeque
344 887 379 951 fu
406 887 546 952 tinum?
591 889 656 952 iam
688 908 764 952 uero
792 891 825 951 te
852 889 1031 973 principem
1062 889 1098 952 in

129 972 235 1035 medic
257 972 304 1035 rei
325 909 473 1055 pudicae
495 973 583 1055 sinu,
607 973 751 1036 omniurn
773 972 927 1058 suffragio
949 974 1096 1056 militurn,

131 1077 289 1120 consensu
316 1056 570 1139 prouinciarum,
605 1057 705 1141 ipsius
727 1057 863 1140 denique
892 1057 1014 1121 ambitu
1039 1059 1097 1122 im·

129 1139 287 1286 peratoris
316 1144 474 1227 optatum3
509 1163 542 1206 se
570 1143 605 1205 in
632 1141 745 1206 ultimo
772 1146 931 1206 terrarum
958 1163 1095 1225 recessu,
1112 1164 1137 1204 ιο

143 1224 312 1308 egionibus
348 1227 481 1308 nesciis,
519 1226 661 1290 aduersis
698 1227 938 1309 prouinciarum
975 1226 1098 1308 studiis,

129 1309 223 1372 malis
252 1309 386 1392 denique
421 1310 570 1392 auspiciis
597 1310 632 1372 in
659 1309 739 1372 illud
765 1309 927 1390 tyrannici
956 1311 1098 1374 nominis

131 1393 288 1475 aspirasse
320 1393 466 1456 turtum?
510 1395 673 1477 postremo
705 1396 810 1456 tecum
843 1393 955 1474 fidem,
991 1415 1099 1458 secum

130 1476 312 1560 perfidiam3
341 1477 534 1560 boemias,
566 1497 672 1540 secum
694 1477 799 1562 nefas3
830 1477 1022 1559 becumine,
1052 1500 1098 1542 se-

131 1582 204 1625 cum
225 1560 392 1644 iniuriam3
414 1564 520 1625 tecum
543 1561 745 1625 clementiam
760 1561 949 1645 pudicitiam
970 1563 1097 1648 religio·
1112 1582 1136 1624 15

131 1668 221 1729 narn,
259 1665 366 1709 secum
393 1644 592 1728 impietatem
620 1645 785 1710 libidinem
818 1645 1039 1711 crudelitatem
1067 1651 1099 1711 et

130 1730 274 1794 omniurn
310 1730 464 1794 scelerum
497 1731 790 1813 postremorumque
826 1731 977 1796 uitiorum
1014 1734 1098 1795 stare

131 1813 327 1898 collegium?
372 1835 423 1878 res
445 1813 531 1898 ipsas
554 1814 786 1898 interrogemus
808 1819 856 1898 et,
886 1835 966 1898 quae
989 1817 1098 1880 certis-

131 1901 213 1962 sima
251 1898 442 1962 coniectatio
479 1901 543 1980 est,
584 1898 773 1982 colligamus
809 1900 949 1982 gerenda
984 1901 1097 1984 gestis.

131 2004 210 2046 num
225 1983 354 2046 tandem
377 1983 518 2048 dubitari
532 1986 641 2066 potest
663 1983 739 2066 quid
753 1983 852 2048 fuerit
873 2005 910 2048 ec
929 1987 1098 2067 praesente
1112 2005 1137 2045 ao

131 2067 275 2130 facturus
320 2089 392 2132 uem
414 2090 480 2132 non
502 2068 584 2132 uidit
606 2071 639 2132 et
659 2067 768 2152 fugit?

196 2089 331 2236 xxxii.
382 2152 534 2228 Quamuis
562 2153 675 2238 igitur,
705 2153 893 2236 imperator,
922 2152 1015 2216 hoste
1042 2153 1099 2216 tali

132 2235 309 2298 abutereris
330 2257 391 2300 nec
412 2240 480 2300 tam
506 2238 546 2300 ad
568 2237 725 2321 proelium
752 2237 983 2302 conserendum
1005 2259 1099 2320 quarn

133 2319 174 2380 ad
196 2319 387 2401 supplicium
410 2321 448 2384 de
470 2321 592 2384 nefario
621 2322 726 2403 capite
748 2321 937 2385 sumendum
952 2323 1098 2404 uenires,

134 2401 277 2466 consiliis
311 2405 419 2466 tamen
450 2405 550 2467 tantis
579 2405 679 2468 tantis
702 2425 741 2467 ue
773 2405 950 2469 rationibus
980 2406 1099 2469 bellurn
1113 2424 1138 2465 ss

133 2486 381 2551 administrabas
403 2490 439 2551 ut
463 2509 533 2552 curn
556 2487 651 2552 Perse
674 2425 781 2571 allique
803 2490 1022 2560 decertaturus
1045 2492 1101 2552 aut

132 2570 256 2654 Pyrrho
279 2575 336 2636 aut
358 2593 430 2637 cum
452 2573 522 2657 ipso
543 2573 599 2637 illo
621 2572 805 2639 Hannibale
826 2575 989 2638 uidereris.
1024 2595 1099 2637 nam

132 2656 271 2738 primum
294 2657 389 2721 fidem
416 2679 529 2742 regum
552 2659 665 2740 quibus
687 2658 778 2722 limes
807 2659 939 2722 orientis
962 2658 1100 2721 ambitur

132 2740 208 2803 data
230 2745 326 2824 atque
349 2746 481 2824 accepta
503 2741 633 2805 dextera
647 2742 765 2824 firmas,
788 2763 850 2824 quo
869 2742 949 2805 foris
972 2762 1100 2804 securus

133 2824 291 2906 agitares,
322 2824 349 2888 si
375 2825 457 2888 nihil
485 2825 656 2888 sollicitum
685 2827 717 2889 et
745 2825 992 2908 suspectandum
1016 2823 1138 2888 domiso

133 2908 325 2990 reliquisses,
371 2911 439 2972 turn
462 2908 569 2992 copias
591 2912 663 2972 tuas
687 2909 844 2974 trifariam
867 2907 984 2974 diuidis
1011 2912 1047 2972 ut
1068 2910 1100 2972 et

203 3113 216 3160 l
235 3113 321 3163 totius
339 3113 447 3177 scripsi:
466 3117 552 3162 totum
568 3113 591 3162 Δ
609 3113 683 3174 Bert.
701 3130 748 3164 om.
766 3115 893 3162 BGVW
920 3112 930 3179 ΙΙ
960 3117 975 3163 2
994 3117 1101 3178 praetc-

134 3181 188 3228 rita
206 3181 242 3242 Μ,
262 3197 330 3231 corr.
349 3181 558 3244 Eyssenhardlus
573 3180 577 3245 Ι
594 3181 635 3230 tui
654 3182 750 3246 suique
769 3181 924 3232 recordatio
944 3184 960 3231 (l
982 3178 992 3246 ΙΙ
1013 3185 1028 3232 3
1047 3182 1101 3232 sibi

132 3247 194 3310 ipse
212 3245 235 3294 Δ
253 3246 342 3299 Bertr
360 3249 420 3313 ipse
438 3247 490 3298 sibi
508 3250 636 3298 ΜΠ]
659 3247 669 3314 ΙΙ
699 3253 715 3300 ὅ
734 3249 864 3300 clientem
882 3251 954 3300 edd„-
973 3249 1057 3299 ditem
1073 3251 1102 3296 Η

135 3345 236 3410 (ᾱιτθιῃ
254 3350 287 3396 W
307 3365 360 3399 cum
377 3351 450 3414 sipnc
469 3349 641 3415 corruptelae)
657 3348 661 3414 l
677 3355 750 3400 retro
769 3352 841 3400 omni
859 3354 876 3400 G
898 3349 908 3416 ΙΙ
931 3353 947 3400 6
966 3356 994 3400 et
1012 3351 1103 3400 addidi

133 3412 142 3480 ll
161 3414 398 3466 remmiscere:
416 3412 500 3467 nullis
517 3421 546 3466 Η
562 3416 572 3483 ΙΙ
596 3421 628 3468 15
647 3424 675 3468 et
693 3417 851 3482 religionem
870 3419 944 3470 Bert.
963 3417 972 3484 ΙΙ
990 3421 1021 3468 27
1039 3419 1101 3481 ipso

133 3481 183 3534 illo
202 3483 293 3533 Beria·
311 3484 360 3535 illo
378 3485 439 3550 ipso
456 3487 485 3532 Η
505 3484 514 3551 ΙΙ
536 3489 568 3536 29
586 3485 677 3536 firmas
695 3487 768 3537 edd:
787 3487 927 3552 signasti
945 3487 1020 3539 Bert.
1038 3483 1047 3549 ΙΙ
1069 3488 1102 3536 30

133 3555 163 3601 et
182 3551 379 3616 expectandum
398 3554 431 3601 W
447 3551 457 3618 ΙΙ
476 3556 506 3605 31
527 3557 591 3604 tunc
609 3553 636 3600 sl
