2586 3996
278 210 495 262 GRATIARUM
512 209 623 264 ACTIO
641 211 804 265 IULIhNO.
830 214 938 263 12-14.
1029 211 1092 276 255

124 359 179 422 riti
200 381 266 422 non
290 359 384 422 modo
405 361 585 444 imperium,
608 362 663 425 sed
686 362 782 425 etiam
805 363 905 426 uitam
923 363 1028 445 perosi
1051 363 1092 426 ad

124 443 291 507 inferiores
315 444 438 526 aliquos
460 445 582 508 inferos
610 447 713 509 redire
735 448 961 529 properabunt.
1005 447 1091 512 uide-

123 529 206 592 bunt
227 528 312 592 enim
335 528 453 592 iustum
475 530 692 613 principatum
713 531 876 596 laboribus
905 531 988 596 curis
1009 532 1091 616 uigi-

122 613 174 676 liis
202 613 397 696 inquietum,
426 614 514 678 ouius
539 615 588 677 illi
609 615 726 680 faciem
755 635 922 680 amoenam
952 620 984 679 et
1006 637 1090 679 ama·

122 698 220 760 bilem
248 699 502 781 contemplantes
523 699 669 775 laborum
695 721 808 782 aspera
835 721 903 764 non
928 700 1116 764 uidebanta

186 780 274 845 XIV.
320 781 400 846 Cum
426 783 527 866 igitur
554 784 639 848 inter
665 785 796 869 egregia
823 785 955 869 negotia
976 785 1091 849 itinere

124 867 272 930 confecto
300 887 399 950 usque
427 867 468 931 ad
490 867 644 932 Thraciae
670 869 750 932 fines
776 873 967 952 peruentum
994 869 1089 950 foret,

123 953 241 1014 cursim
270 951 424 1033 disposito
452 954 609 1018 exercitus
638 959 817 1018 commeatu
845 954 885 1017 ad
911 953 1091 1018 Romanam

122 1035 235 1099 urbem
257 1055 405 1100 annonae
426 1057 562 1101 uacuam
584 1041 724 1102 mentem
746 1037 880 1102 reflexit.
916 1039 1090 1121 quemlibet

122 1120 220 1183 alium
243 1142 262 1182 a
285 1121 495 1185 subueniendi
522 1123 689 1187 conatibus
712 1122 905 1206 grauissima
926 1123 1029 1186 fames
1059 1125 1128 1185 et10

120 1205 339 1269 tristissimum
361 1206 568 1288 reipublicae
589 1208 766 1291 periculum
789 1207 1004 1274 deterruisset.
1034 1207 1090 1270 sed

121 1289 290 1372 stipendiis
316 1290 553 1373 prouinciamm
582 1295 615 1354 et
636 1291 822 1374 patrimonii
849 1291 898 1354 sui
919 1291 1088 1372 fructibus,

120 1378 188 1437 turn
205 1372 343 1456 undique
358 1373 529 1437 frumentis
550 1375 705 1456 coemptis
720 1395 819 1457 usquc
840 1375 878 1437 ad
893 1374 1090 1454 opulentiam

123 1457 381 1538 [abundantiam]
406 1458 598 1522 esurientem
620 1459 683 1522 iam
705 1459 817 1522 urbem
836 1459 973 1523 refersit.
1006 1459 1090 1522 dicet

120 1542 251 1624 aliquis:
276 1542 444 1624 ‘quomodo
459 1545 527 1606 tam
548 1542 649 1606 multa
666 1546 733 1606 tam
748 1543 838 1607 breui
853 1543 1032 1627 tempore?
1058 1546 1091 1607 et
1103 1561 1128 1600 1⁵

120 1633 218 1690 recte.
264 1625 320 1690 sed
342 1627 515 1710 imperator
541 1631 650 1690 noster
676 1627 765 1691 addit
792 1628 832 1691 ad
853 1631 979 1711 tempus
1006 1629 1090 1710 quod

120 1712 187 1775 otio
216 1731 273 1775 suo
295 1711 446 1774 detrahit.
490 1711 573 1774 nihil
595 1733 724 1793 somno,
755 1711 837 1776 nihil
860 1713 977 1795 epulis,
1007 1711 1090 1774 nihil

120 1797 186 1859 otio
216 1796 346 1878 tribuit3
382 1795 453 1878 ipsa
481 1817 514 1860 se
547 1797 743 1860 naturalium
775 1797 1089 1880 necessariarumque

119 1901 226 1944 rerum
248 1881 456 1962 usurpatione
478 1880 639 1965 defrudat3
673 1884 760 1944 totus
788 1881 963 1944 commodis
986 1881 1088 1964 publi-

121 1967 165 2029 cis
188 1967 290 2028 uacat.
323 1967 429 2049 itaque
452 1966 670 2050 grandaeuum
693 1966 756 2029 iam
778 1966 947 2049 imperium
969 1965 1088 2029 uidebi-
1102 1984 1130 2024 ao

119 2053 173 2113 tur
201 2050 251 2113 his
274 2050 328 2133 qui
355 2071 419 2114 non
451 2051 575 2114 ratione
598 2051 720 2114 dierum
748 2055 803 2114 aut
830 2052 1003 2130 mensium,
1033 2050 1088 2113 sed

119 2155 250 2217 operum
264 2135 471 2198 multitudine
492 2139 525 2200 et
541 2135 727 2200 effectarum
742 2157 849 2199 rerum
863 2137 956 2199 modo
971 2134 1089 2198 Iuliani

119 2221 264 2300 tempora
292 2220 474 2283 metientur.
522 2241 593 2284 oum
618 2219 757 2284 Romani
783 2220 895 2303 populi
923 2220 1028 2283 uictus
1056 2222 1089 2284 et

120 2302 276 2366 exercitus
300 2306 494 2367 commeatus
518 2307 601 2366 esset
622 2305 657 2366 in
678 2304 825 2384 nauibus,
852 2305 887 2368 in
909 2305 1014 2367 media
1036 2325 1088 2366 ex·

117 2386 295 2470 pediendae
318 2407 464 2450 annonae
485 2387 699 2469 trepidatione
725 2389 857 2451 nuntius
879 2389 969 2451 uenit
990 2389 1087 2470 pluri-
1101 2404 1126 2443 2⁵

119 2492 188 2534 mas
216 2492 317 2534 naues
343 2470 499 2535 Africano
527 2472 635 2535 tritico
663 2493 779 2557 graues
807 2472 885 2535 litus
911 2470 1088 2536 Achaicum

118 2557 354 2638 praeterueotas
377 2555 696 2639 Constantinopolim·
711 2558 906 2640 paruolasse.
951 2557 1087 2639 permoti

118 2661 228 2704 omnes
250 2644 284 2704 et
305 2641 456 2705 aduersus
479 2663 533 2705 eos
556 2643 611 2725 qui
633 2662 721 2705 oram
743 2642 938 2705 maritimam
955 2641 1087 2704 tueban-

118 2727 171 2787 tur
203 2725 280 2788 irati
312 2727 459 2789 uenimus
493 2727 533 2788 ad
562 2727 756 2808 principem
793 2725 915 2788 desidia
946 2725 1087 2787 iudicum

118 2811 246 2871 tantum
278 2811 399 2890 perisse
429 2809 585 2872 frumenti
620 2809 765 2872 certatim
797 2829 856 2892 pro
892 2829 925 2871 se
954 2808 1124 2890 quisquam

119 2892 355 2975 conquerimur.
400 2896 434 2955 at
455 2892 611 2956 maximus
633 2893 807 2975 imperator
834 2913 981 2955 serenum
1002 2893 1086 2956 reni-

118 2977 216 3040 dens:
239 2975 321 3040 nihil
344 2998 413 3040 esse
434 2979 612 3060 peccatum,
636 2997 711 3039 non·
725 2976 786 3042 sibi
801 2978 922 3059 perisse
944 2997 1025 3059 quae
1047 2975 1086 3040 ad
1133 3043 1135 3046 ,

186 3201 201 3247 2
220 3200 319 3249 inferis
339 3199 482 3249 Gronour'us
514 3199 518 3258 Ι
551 3201 737 3264 properabant
755 3201 772 3248 (t
806 3197 816 3264 ΙΙ
850 3203 865 3250 3
887 3199 960 3248 curis
978 3197 1085 3262 uigiliis

117 3284 164 3318 om.
184 3266 259 3316 Bert.
282 3265 292 3331 ΙΙ
318 3270 349 3318 10
368 3272 396 3316 et
413 3269 435 3315 A
453 3267 542 3317 Bertr
562 3284 607 3318 om.
626 3268 647 3316 B
666 3269 683 3316 0
700 3269 722 3315 V
739 3268 771 3316 W
792 3265 802 3333 ΙΙ
827 3269 859 3318 13
878 3265 1011 3330 coemptis
1029 3266 1085 3315 iru-

118 3333 218 3384 mentis
236 3334 311 3384 Bert.
342 3331 352 3400 ΙΙ
383 3338 415 3384 14
432 3334 650 3384 habundantiam
668 3336 703 3400 A,
724 3339 793 3400 quod
808 3336 907 3385 seclusi.
926 3333 1086 3384 habundan-

116 3403 239 3466 tiamque
257 3401 278 3450 B
290 3403 387 3451 ΟΠ·
410 3401 420 3468 ΙΙ
445 3405 476 3453 18
495 3405 584 3468 ipsum
601 3405 620 3451 0
635 3400 640 3467 Ι
654 3404 893 3468 necessariumque
911 3402 933 3449 Δ
954 3400 964 3468 ΙΙ
990 3403 1020 3451 19
1038 3400 1085 3450 de·

117 3471 213 3520 frndat
230 3471 252 3518 Δ
270 3471 361 3520 Bere:
380 3471 527 3521 defraudat
544 3472 564 3520 B
577 3473 595 3518 0
606 3472 628 3518 V
640 3471 673 3518 W
688 3473 692 3534 Ι
706 3471 827 3537 publicis
846 3469 993 3534 commodis
1011 3468 1085 3518 Bert.

117 3537 125 3599 l,
143 3540 176 3588 24
194 3539 312 3589 nauibus
330 3539 403 3589 edd:
421 3539 546 3590 manibus
565 3541 592 3587 ld
610 3540 684 3589 Bert.
