2586 3996
207 192 270 256 258
551 191 599 242 xr.
628 191 839 242 nnunarmr

208 363 283 408 nem
307 343 516 427 cupiditatem
539 347 608 406 sine
631 341 700 425 spei
722 341 846 406 solatiis
870 339 946 404 foui.
985 339 1071 405 unde
1094 341 1177 406 enim

208 428 287 493 mihi
315 427 478 511 aspirandi
507 427 631 490 adhoc
657 447 775 490 nomeu
800 429 884 490 esset
912 425 1054 490 amentia
1082 447 1177 510 opum

208 535 310 578 uacuo
332 517 363 577 et
379 513 493 597 ignaro
511 509 699 576 ambiundi?
722 531 798 574 nam
812 511 952 594 primum
973 532 1045 575 cum
1060 509 1178 576 Caesar

209 619 304 682 esses,
327 600 524 661 marcentem
546 598 609 660 iam
626 593 809 680 cupiditatis
824 617 912 660 meae
928 595 1089 660 flammam
1110 597 1178 680 spei

183 684 311 747 abcnae
333 683 461 746 flatibus
485 681 643 746 excitasti.
684 702 755 744 cum
777 699 854 744 uero
876 684 919 763 te,
942 680 1100 765 Auguste,
1122 681 1179 746 mi·

208 768 335 832 rificum
350 766 554 832 innocentiae
576 787 612 830 ao
628 765 784 830 uirtutum
801 767 1012 849 spectatorem
1028 765 1179 850 uiderem,

209 857 288 917 tunc
310 873 453 918 mecum:
491 850 619 918 ‘Claudi
642 848 848 930 Mamertina,
871 871 938 914 non
960 849 1082 914 frustra
1103 850 1179 916 hue·

209 959 310 1022 usque
332 937 451 1000 uixisti.
492 936 594 1001 habes
616 935 767 1000 idoneum
788 935 862 998 fidei
888 937 982 1020 atquc
1004 935 1179 1000 industriae

209 1022 357 1086 iudicem.
402 1025 564 1086 memento
590 1020 626 1084 iu
653 1041 773 1104 magno
801 1041 853 1084 res
875 1023 948 1084 tuas
977 1041 1046 1084 esse
1068 1020 1178 1084 discri-

171 1107 306 1172 1omine.
351 1105 470 1170 scietur
496 1126 564 1169 non
591 1104 744 1170 meruisse
766 1108 798 1168 te
826 1105 1042 1188 consulatum,
1072 1103 1099 1168 si
1120 1105 1179 1170 tibi

209 1212 277 1256 non
299 1190 450 1255 detulerit
470 1190 525 1255 hic
547 1189 744 1274 imperator?

273 1275 395 1341 XVIII.
418 1274 537 1354 Habea
560 1277 717 1360 Auguste,
740 1274 956 1359 proditionem
977 1273 1097 1340 silentii
1118 1274 1181 1338 mei

210 1364 242 1426 et
263 1382 331 1426 rem
354 1383 373 1425 a
394 1383 446 1424 rue
472 1381 539 1424 non
561 1359 667 1424 breuis
696 1359 768 1424 aeui
789 1359 1011 1424 taciturnitate
1033 1359 1178 1427 celatam.

209 1446 351 1511 nondum
372 1447 482 1509 tamen
504 1449 620 1508 cuncta
636 1443 843 1528 prodidimus.
870 1443 995 1508 nullum
1017 1443 1093 1508 hinc
1115 1445 1181 1508 iam
1280 1459 1281 1462 ’

172 1553 196 1594 15
210 1552 335 1594 mecum
357 1530 431 1594 uolo
449 1529 568 1593 referre
591 1533 763 1613 secretum3
785 1528 894 1593 omnia
909 1528 1048 1613 pectoris
1064 1551 1182 1594 arcana

209 1615 363 1679 uacuabo.
407 1610 627 1698 suspendisses
655 1613 908 1679 beniuolentiam
934 1617 1025 1678 tuam
1052 1617 1085 1678 et
1106 1619 1181 1678 tuae

209 1700 264 1764 isti
286 1701 320 1764 in
343 1720 394 1764 mc
414 1698 603 1765 liberalitati
627 1702 739 1764 contra
760 1720 865 1763 mores
880 1700 952 1763 tuos
975 1698 1102 1763 artificii
1124 1699 1181 1762 ali·
1282 1723 1283 1760 i

209 1785 284 1870 quid
318 1784 507 1869 addidisses;
547 1784 686 1849 forsitan
718 1805 894 1868 rogassem.
938 1784 1029 1867 parui
1064 1787 1183 1866 autem,
1282 1801 1283 1824 ²

209 1871 399 1954 imperator,
432 1873 526 1953 putas
556 1891 625 1934 esse
653 1869 799 1933 beneficii
827 1869 910 1953 quod
939 1867 1073 1954 rogandi
1101 1869 1183 1933 mihi
1282 1947 1283 1950 Ἴ

172 1973 196 2012 20
210 1955 387 2040 periculum
409 1954 583 2019 remisisti?
604 1954 792 2038 periculum,
814 1955 957 2037 inquam,
980 1953 1182 2018 sanctissime
1282 1953 1283 1966 ¹

210 2041 393 2124 imperator.
438 2039 465 2102 si
487 2042 656 2187 praestare
686 2037 881 2120 dubitasses,
911 2038 938 2103 si
959 2039 995 2102 in
1016 2041 1183 2122 posterum
1282 2085 1283 2114 p

211 2124 404 2206 distulisses,
432 2123 485 2206 qui
529 2145 580 2187 mc
602 2123 693 2187 fieret
713 2128 787 2206 post
808 2123 991 2207 repulsam?
1028 2123 1064 2187 in
1085 2123 1181 2188 leuis·

211 2208 300 2272 simis
323 2228 448 2291 quoque
470 2207 633 2272 benefieiis
655 2207 765 2291 petitis
788 2229 850 2273 nec
871 2208 1050 2292 impetratis
1074 2207 1182 2272 amici·

211 2292 257 2356 tia
283 2292 477 2356 dissoluitur.
521 2314 660 2377 namque
687 2293 714 2357 is
742 2315 803 2376 quo
831 2293 972 2358 amicitia
1000 2294 1184 2358 continetur

172 2395 197 2434 2⁵
212 2399 300 2442 arnor
322 2380 402 2462 aput
423 2379 593 2462 utrumque
615 2377 779 2462 polluitur.
822 2377 903 2442 alter
926 2377 1028 2442 amari
1050 2399 1084 2442 se
1107 2378 1184 2462 quia

210 2484 277 2526 non
292 2463 454 2546 praestitit
476 2484 542 2527 non
556 2465 658 2547 putat,
682 2463 763 2527 alter
783 2463 855 2527 odio
877 2484 910 2527 se
933 2484 1002 2528 esse
1018 2463 1092 2546 quia
1114 2483 1184 2526 non
1277 2458 1280 2467 ’

211 2546 351 2611 obtinuit
377 2547 561 2614 arbitratur.
605 2569 666 2612 nec
693 2567 771 2612 sane
798 2546 877 2611 mihi
900 2547 1043 2632 gratuito
1070 2546 1189 2612 consul·

211 2631 315 2695 faetus
337 2630 473 2714 uiderer,
497 2631 524 2695 si
546 2631 700 2697 honorem
722 2631 871 2716 precibus
894 2632 1051 2698 emissem.
1088 2631 1185 2696 mise·

210 2738 281 2780 rum
299 2715 385 2781 enim
409 2719 441 2780 et
455 2715 649 2781 laboriosum
671 2717 829 2782 subissem
850 2717 983 2782 meliore
1004 2717 1075 2781 aeui
1090 2719 1185 2800 parte

170 2817 198 2857 ³0
210 2805 377 2866 transacta
398 2799 584 2866 tirocinium
606 2802 751 2886 rogandi.
797 2823 900 2885 neque
923 2802 1009 2866 enim
1032 2801 1185 2866 existimo

210 2886 377 2951 molestius
399 2907 468 2950 esse
483 2886 650 2969 pecuniam
673 2909 768 2970 quam
785 2907 895 2970 preces
918 2887 1063 2951 fundere.
1093 2886 1185 2950 deni-

279 3129 295 3176 3
318 3123 392 3192 nam]
412 3126 467 3176 iam
485 3127 505 3175 B
524 3141 585 3178 cum
604 3127 681 3191 prim.
699 3133 728 3177 tu
746 3127 878 3178 Liuineius
901 3125 911 3192 ΙΙ
935 3130 950 3178 7
970 3125 1071 3178 Claudi
1091 3127 1188 3192 Caspe

212 3192 339 3243 danaim
361 3192 419 3244 dixi
436 3207 461 3243 w
487 3193 491 3256 1
519 3209 573 3244 non
597 3195 699 3245 frustra
719 3194 863 3260 hucusque
880 3196 903 3243 A
920 3194 1011 3246 Bam:
1040 3194 1188 3260 hueusque

211 3275 266 3310 non
289 3263 392 3312 trustra
409 3263 429 3311 Β
448 3263 465 3312 0
482 3263 555 3310 VW
584 3259 594 3328 ΙΙ
624 3266 639 3314 8
663 3267 746 3326 atque
769 3277 831 3326 epo:
858 3279 891 3313 ac
908 3264 936 3310 lt
965 3261 975 3327 11
1005 3264 1037 3312 16
1058 3265 1143 3314 malim
1162 3263 1190 3314 si

210 3329 401 3392 suspendisses
426 3327 435 3394 ΙΙ
466 3332 498 3381 18
517 3329 680 3381 ειᾶᾱίεεθεΔ
704 3328 714 3394 ΙΙ
743 3331 776 3379 22
795 3330 859 3396 quid
878 3346 894 3380 a
912 3345 955 3380 me
974 3344 999 3378 w
1062 3332 1096 3380 24
1114 3327 1184 3396 quo]

211 3393 302 3458 quit
336 3395 346 3462 ΙΙ
381 3400 413 3446 25
437 3413 513 3448 amor
534 3399 556 3446 Δ
580 3399 669 3450 Bert:
700 3397 803 3461 gradus
824 3399 845 3448 B
864 3399 972 3447 ΗΠ
1009 3397 1013 3463 Ι
1049 3397 1190 3462 polluitur

209 3464 288 3581 NJ
318 3464 450 3580 pillum
472 3467 493 3515 B
512 3467 528 3515 (l
550 3465 706 3532 pelliturV
739 3462 749 3529 ΙΙ
784 3467 817 3516 28
840 3466 994 3518 uidetur-A
1027 3463 1037 3530 ΙΙ
1071 3467 1103 3516 31
1129 3483 1191 3516 mo-

230 3545 316 3582 osius
