2572 3990
223 199 289 250 XVI
604 199 817 251 PRAEFATIO.

224 353 374 433 graphum
401 353 473 413 libri
502 353 543 413 W
570 354 755 413 simillimum
782 354 926 414 inuenire
957 351 1040 432 (nam
1069 355 1195 414 tertium

224 439 386 518 archetypi
400 438 434 498 Μ
456 439 615 516 exemplar
636 437 821 498 inueniendi
843 458 915 518 spes
937 437 1081 499 blandior
1103 458 1195 518 quam

223 524 335 584 certior
351 519 460 603 est*)),
484 523 510 582 is
525 520 653 583 abiectis
667 523 692 582 Β
707 521 729 582 0
742 520 770 581 V
785 522 996 602 similibusque
1016 523 1078 582 iam
1096 523 1194 583 multo

223 608 382 686 multoque
411 608 522 667 certius
551 606 666 685 ubique
697 608 793 686 ipsius
820 606 854 666 Μ
886 607 1052 686 scripturas
1079 609 1195 686 poterit

223 691 449 770 redintegrare.

287 776 463 854 Scripturas
493 775 702 835 diuersitatem
730 796 768 835 ex
796 775 823 835 A
851 784 881 836 ot
902 775 942 837 W
969 776 1100 856 adposui
1127 774 1193 836 fere

224 880 344 922 omnem
376 861 587 920 minutissimis
616 859 800 940 quibusdam
834 861 963 920 omissis.
1015 860 1053 920 de
1081 859 1102 920 (i
1132 861 1194 920 iam

221 964 315 1024 supra
337 944 412 1004 dixi.
454 943 480 1004 Β
501 942 529 1003 V
551 943 698 1004 librorum
720 943 794 1004 inde
820 965 838 1003 a
859 965 933 1022 pan.
955 944 989 1004 II
1011 944 1192 1023 plerumque

222 1029 372 1088 lectiones
401 1030 630 1089 consentientes
659 1028 747 1102 dedi,
778 1047 846 1087 cum
873 1030 1053 1108 praesertim
1073 1027 1100 1087 Β
1123 1048 1193 1107 pro·

222 1115 297 1192 priis
324 1114 409 1172 uitiis
435 1113 574 1192 plurimis
605 1115 711 1192 eisque
743 1111 783 1172 ad
812 1131 877 1172 rem
905 1113 1040 1173 criticam
1067 1132 1192 1191 prorsus

222 1197 302 1257 nihil
327 1196 503 1258 ualentibus
531 1206 658 1258 scateat.
703 1199 735 1256 in
757 1195 860 1256 uerbis
888 1195 1059 1258 scribendis
1085 1198 1193 1257 itidem

221 1281 248 1341 A
270 1283 401 1342 maxime
423 1290 454 1342 et
475 1281 514 1343 W
541 1291 661 1342 secutus
690 1301 757 1341 sum
784 1301 882 1360 nsque
910 1279 988 1341 adeo
1014 1290 1049 1341 ut
1070 1282 1122 1340 uel
1144 1283 1190 1340 in·

221 1367 440 1445 aequalitatem
463 1386 528 1426 non
543 1367 696 1444 fugerem,
720 1366 819 1426 ueluti
834 1364 881 1425 bis
905 1385 944 1426 ex
958 1364 985 1424 A
1000 1367 1189 1444 ‘reciperari'

222 1451 351 1510 formam
376 1452 493 1529 recepi,
522 1472 591 1511 cnm
612 1451 707 1510 multo
730 1451 870 1530 pluribus
892 1450 968 1510 locis
992 1451 1189 1529 ‘recuperari'

220 1535 275 1593 ille
302 1554 365 1595 nna
393 1555 461 1595 cum
489 1536 616 1613 reliquis
644 1535 803 1614 praebeat.
849 1535 955 1613 itaque
983 1534 1090 1606 uelim,
1124 1535 1190 1594 ubi·

222 1639 350 1698 cumque
374 1617 412 1679 de
435 1622 587 1698 scriptura
609 1618 774 1679 uerborum
796 1619 842 1678 nil
864 1617 1046 1678 adnotatum
1068 1628 1126 1692 est,
1157 1620 1190 1677 in

220 1704 400 1763 uniuersum
420 1703 545 1784 quidem
567 1712 744 1764 contextum
763 1703 883 1762 codices
906 1704 989 1780 ipsos
1011 1723 1189 1781 repraesen-

221 1797 288 1848 tare
310 1797 399 1866 putes
424 1788 534 1866 (ueluti
556 1808 630 1866 pan.
646 1788 717 1847 131
741 1785 951 1866 tpercrebuit’,
975 1788 1059 1865 quod
1079 1807 1188 1847 moneo

221 1881 347 1950 propter
355 1872 580 1932 Buechelernm
591 1874 624 1930 in
635 1871 834 1930 Fleckeiseni
847 1871 950 1928 annal.
964 1872 1044 1930 1872
1057 1892 1088 1950 p.
1099 1868 1188 1947 115>;

163 1987 166 1992 ·
221 1974 405 2034 quamquam
421 1975 541 2015 omnem
553 1955 695 2016 lectionis
709 1956 890 2015 uarietatem
906 1954 1073 2014 admoram
1089 1955 1188 2015 ortho-

185 2031 188 2038 ’
221 2039 381 2118 graphiam
402 2047 594 2119 spectantem
619 2037 743 2098 adferre
765 2058 872 2117 parum
894 2039 1051 2113 utilitatis,
1081 2049 1188 2119 utpote

221 2125 254 2182 in
282 2123 368 2182 libris
396 2123 512 2183 saeculi
537 2123 608 2196 XV,
637 2123 752 2183 habere
782 2132 827 2182 est
853 2125 964 2182 nisum.
1008 2124 1112 2203 itaque
1140 2124 1189 2182 hic

221 2226 331 2267 moneo
360 2227 409 2267 me
430 2209 522 2267 tacite
550 2208 720 2267 correxisse
741 2207 855 2268 formae
882 2209 916 2267 in
939 2207 1079 2268 omnibus
1102 2209 1189 2268 libris

220 2293 297 2351 meis
321 2291 428 2351 obuias
449 2293 506 2353 has
530 2300 684 2365 connecto,
715 2295 885 2351 connubium
907 2293 989 2366 sim.;
1020 2295 1189 2359 Danubius;
1247 2363 1248 2366 Ἴ

220 2379 273 2447 dii,
296 2379 365 2441 diia-
386 2381 559 2453 intcllr'pere,
582 2382 743 2453 semiper&
764 2381 912 2442 solemia
934 2379 1104 2436 adolescens
1121 2375 1188 2453 (sed

220 2457 261 2521 W
281 2459 365 2519 haud
387 2480 455 2520 raro
479 2455 590 2538 adul.),·
622 2465 809 2533 pulchritudo
831 2464 898 2520 sim.
927 2457 975 2538 (in
996 2460 1044 2519 his
1066 2481 1188 2540 qnoque

220 2543 259 2605 W
273 2543 440 2622 aliquando
461 2565 568 2605 uerum
588 2541 743 2621 exhibet);
766 2550 843 2604 illico
861 2555 891 2604 et
906 2564 984 2622 quae
1000 2554 1071 2604 sunt
1087 2545 1187 2604 huius·

220 2628 304 2687 modi
325 2629 448 2689 similia.

284 2713 394 2772 Restat
416 2719 450 2771 ut
473 2713 511 2773 dc
534 2709 643 2771 ordine
665 2731 724 2790 quo
748 2714 780 2771 in
802 2712 836 2772 Μ
862 2712 1003 2790 singulae
1032 2715 1187 2774 orationes

220 2816 289 2858 sese
311 2799 490 2877 exceperint
512 2795 621 2856 dicam.
650 2815 707 2855 nos
730 2797 812 2855 enim
834 2796 873 2854 ab
894 2795 1003 2856 ordine
1026 2798 1059 2855 in
1080 2798 1187 2876 pleris-

220 2901 280 2961 que
302 2880 489 2942 editionibus
510 2889 634 2959 recepta
655 2898 784 2958 cumque
803 2879 973 2940 rationibus
995 2881 1186 2960 chronologi-

221 2968 264 3024 cis
287 2967 469 3044 congruenti
485 2985 554 3050 ,non
576 2963 722 3025 recedere
744 2985 800 3044 par
823 2973 897 3023 erat.
937 2966 981 3024 ita
1004 2975 1107 3025 autem
1128 2967 1186 3024 hoc

220 3069 347 3109 munere
374 3051 501 3128 fungar,
531 3058 566 3108 ut
591 3050 682 3108 simul
709 3068 799 3127 quam
826 3050 954 3127 quisque
981 3051 1186 3128 panegyricus

220 3136 253 3192 in
276 3132 303 3192 A
324 3132 349 3191 B
371 3134 411 3192 W
434 3131 519 3210 (nam
539 3131 567 3192 V
588 3133 684 3192 titulis
708 3134 831 3193 omnino
855 3142 954 3206 caret,
985 3136 1018 3192 in
1041 3132 1062 3193 0
1084 3143 1187 3193 autem

288 3280 316 3346 ¹⁶)
341 3281 526 3343 Schwarains,
551 3281 598 3346 qui
616 3280 739 3332 codicum
757 3281 943 3333 Parisinorum
960 3282 995 3332 sd
1013 3298 1077 3348 pan.
1095 3283 1109 3332 I
1131 3282 1187 3332 col-

221 3349 341 3400 lationes
359 3349 488 3414 possedit,
507 3350 537 3398 in
554 3348 630 3400 nullo
650 3365 742 3400 eorum
755 3347 919 3416 cuspiniani
938 3349 1126 3400 additamenta
1145 3350 1187 3397 in-

220 3417 311 3466 ueniri
329 3415 430 3468 alicubi
442 3421 558 3467 testatus
577 3421 629 3468 est.
653 3415 850 3483 Cuspinianum
869 3422 960 3468 antem
979 3419 1068 3483 ipsum
1079 3415 1102 3465 A
1113 3416 1186 3466 libro

220 3497 299 3534 usum
317 3499 379 3536 esse
398 3485 528 3548 suspicor.
