2586 3996
191 215 255 281 262
532 219 581 268 xr.
611 217 820 270 uruna'rrur

191 369 300 434 nouali
333 371 455 434 aestate
487 389 551 432 una
586 368 722 453 amplius
750 391 845 454 quam
879 369 977 434 semel
1004 370 1161 434 messuit?

191 475 269 518 num
292 454 344 519 eui
365 475 430 519 uno
454 456 607 518 autumno
631 475 759 538 unoque
781 454 890 519 uineto
919 455 1084 520 uindemia
1106 456 1163 520 tri-

190 539 265 622 plex
279 539 395 604 fluxit?
417 561 482 603 una
504 541 589 604 eerte
611 541 706 603 unius
728 539 843 603 hiemis
867 542 917 604 est
939 540 1077 606 oliuitas.
1106 541 1162 604 sed

191 625 226 688 in
254 624 357 688 nostri
382 623 538 708 principis
566 623 729 688 benefieiis
758 625 913 688 miraculo
943 630 1031 690 earet
1055 625 1161 688 multi-

166 707 312 793 aplioata
334 708 525 774 fecunditas
571 711 608 774 ut
629 708 668 774 de
691 708 762 774 aliis
785 709 914 793 optimis
936 709 1014 774 uiris
1036 712 1162 774 taoeam

192 793 247 878 qui
269 816 287 858 a
309 795 416 878 priore
438 795 473 857 in
495 794 676 877 proximum
705 797 894 858 autumnum
917 793 1041 860 fruetus
1062 794 1162 859 hono-

191 901 261 942 rum
285 879 478 963 multiplices
500 883 717 944 messuerunt:
740 879 820 944 mihi
843 881 928 944 oerte
949 880 1046 944 tertia
1067 880 1163 944 unius

192 964 271 1027 anni
298 964 428 1028 ubertas
458 967 507 1028 est
536 963 728 1029 consulatus,
773 964 911 1048 primum
939 963 1164 1029 thesaurorum

191 1048 336 1111 omnium
364 1049 514 1113 mandata
541 1048 686 1114 custodia
715 1047 747 1113 et
769 1049 966 1133 dispensatio
993 1049 1163 1135 largiendi.

154 1132 368 1198 resecandum
393 1133 499 1198 locum
521 1137 613 1199 tenet
640 1133 853 1198 inhonorum
882 1155 1026 1199 meorum
1053 1135 1164 1199 frueti-

191 1218 251 1282 bus
274 1217 485 1302 praefectura.
512 1219 637 1283 additus
656 1218 717 1302 his,
741 1241 804 1303 quo
827 1220 879 1284 uel
902 1219 969 1284 solo
993 1219 1164 1284 cuiuslibet

192 1302 329 1367 auiditas
365 1303 564 1387 uinceretur,
609 1306 822 1388 prouentuum
859 1326 1002 1369 meorum
1038 1305 1162 1384 tertiua

193 1389 384 1457 consulatus.
429 1388 505 1454 dein
532 1411 605 1454 eum
633 1410 711 1474 ager
729 1389 922 1454 ‘assiduitate
944 1389 1106 1454 fructuum
1128 1390 1163 1452 in

192 1473 328 1538 maoiem
351 1473 559 1558 decoquatur,
589 1473 791 1558 imperatoris
819 1475 923 1539 nostri
943 1475 1102 1557 posterior
1127 1474 1164 1536 li·

155 1559 344 1623 rsberalitas
366 1559 469 1623 uincit
489 1560 631 1642 priorem
652 1581 712 1624 nee
733 1559 770 1623 fit
793 1559 888 1624 effeta
909 1559 1084 1645 gignendo,
1108 1559 1164 1623 sed

191 1665 249 1728 per
276 1643 363 1708 uioes
396 1645 557 1708 fruetuum
586 1643 786 1708 fecundatur.
834 1665 919 1708 noua
945 1665 1075 1728 prorsus
1102 1643 1166 1707 fuit

192 1729 351 1792 honorum
368 1727 611 1793 deferendorum
635 1732 668 1792 et
689 1729 854 1813 insperata
877 1729 1053 1814 congestio.
1083 1750 1165 1792 non-

193 1814 267 1878 dum
301 1816 420 1878 statum
452 1837 544 1879 suum
580 1812 719 1878 siderum
754 1814 910 1878 eurrieula
942 1817 1164 1878 mutauerant:

125 1902 129 1910 '
192 1898 257 1962 iam
271 1899 423 1982 princeps
446 1921 572 1964 cursum
587 1899 619 1963 di
644 1899 758 1964 nitatis
778 1899 909 1964 atterius
926 1897 1164 1982 commonebat3

154 2003 179 2043 ro
194 1983 360 2048 etiamtum
384 1984 432 2047 sol
455 1985 495 2048 ab
519 1921 692 2049 eorundem
722 1987 880 2049 astrorum
908 1985 1040 2070 regione
1061 1983 1164 2047 radia-

192 2069 267 2132 bat:
311 2069 375 2132 iam
407 2069 572 2154 Augustus
605 2069 702 2132 tertia
734 2069 941 2168 magistratus
974 2069 1038 2133 mei
1070 2069 1166 2152 signa

193 2153 445 2218 transcenderat.
484 2174 615 2237 quaeso,
637 2174 703 2217 non
726 2152 818 2218 uobrs
840 2154 946 2218 manis
967 2153 1091 2238 gloriae
1113 2174 1166 2217 eu·
1253 2196 1261 2206 ·

193 2236 389 2320 pidissimus‚
411 2258 478 2301 non
493 2237 633 2322 flagrans
649 2238 827 2303 ambitione
842 2238 979 2304 notabili
993 2238 1165 2322 uideretur,

194 2322 221 2385 si
248 2323 320 2406 quis
348 2321 383 2387 in
410 2344 443 2387 se
465 2325 558 2387 tanta
584 2323 705 2406 pariter
733 2325 878 2407 optasset
905 2327 1025 2408 quanta
1052 2323 1087 2386 in
1113 2343 1165 2387 me

155 2426 180 2467 2⁵
193 2429 257 2472 uno
280 2411 346 2472 tem
371 2428 425 2473 ore
448 2409 615 2492 Augustus
638 2408 797 2494 ingessit?

257 2431 378 2556 xxssi.
414 2491 563 2556 Habitari
587 2492 627 2556 ab
650 2493 742 2558 iustis
764 2492 842 2557 uiris
855 2493 899 2560 ‚in
922 2514 1042 2558 ooeano
1063 2495 1166 2556 terras

193 2576 303 2640 ferunt
325 2597 404 2660 quas
426 2576 674 2642 Fortunatorum
696 2578 817 2643 insulas
840 2581 972 2657 uocant,
1002 2576 1087 2661 quod
1108 2597 1167 2660 per

194 2681 247 2726 eas
269 2681 335 2725 non
357 2664 447 2726 arato
470 2662 539 2726 solo
562 2662 726 2727 frumenta
747 2665 933 2746 naseuntur,
956 2661 1097 2726 fortuitis
1118 2660 1167 2724 ui·
1254 2675 1281 2722 τ’

193 2746 279 2810 tibus
306 2747 383 2831 iuga
413 2745 540 2812 collium
567 2749 765 2827 testinatur,
796 2750 911 2832 sponte
939 2747 1041 2831 pomis
1070 2745 1167 2810 arbor

155 2851 181 2891 ao
194 2835 355 2916 grauatur,
380 2832 420 2896 ad
443 2832 614 2897 herbarum
636 2833 738 2898 uioem
763 2834 832 2897 olus
854 2832 953 2916 uulgo
977 2835 1035 2897 est.
1065 2851 1168 2914 quan-

194 2916 262 2981 tula
287 2917 351 2982 ista
379 2921 470 3001 sunt,
503 2918 531 2982 si
560 2917 653 2982 deum
681 2920 843 2984 auctorem
872 2917 1067 2995 consideres,
1098 2937 1167 2979 mu-

194 3002 294 3067 nera?
317 3023 433 3087 nempe
455 3002 550 3067 nobis
572 3024 708 3088 quoque,
731 3024 802 3068 oum
825 3023 937 3088 agrum
959 3023 1025 3067 non
1046 2998 1167 3065 nostris

263 3227 278 3273 6
297 3225 430 3277 honorum
448 3227 541 3292 Oura:
560 3241 693 3278 annorum
711 3229 739 3275 Η
760 3225 770 3293 ΙΙ
791 3230 806 3278 7
825 3226 1018 3292 multiplieiter
1036 3221 1072 3288 01
1089 3227 1169 3275 certa

194 3290 215 3339 B
233 3294 250 3339 0
268 3293 291 3340 V
314 3290 324 3358 fl
348 3297 363 3345 9
381 3292 556 3358 desponsatio
573 3297 597 3345 Δ
620 3293 630 3361 ΙΙ
655 3297 686 3345 12
704 3309 826 3346 meorum
844 3297 992 3346 Acidaliae:
1015 3297 1122 3344 tuorum
1141 3293 1170 3341 Ι

194 3355 203 3424 Η
222 3359 254 3408 15
273 3359 373 3411 effecta
391 3363 413 3410 Δ
430 3363 450 3411 B
469 3364 491 3410 V
514 3360 524 3428 ss
548 3365 581 3414 20
601 3369 629 3414 et
646 3363 701 3413 iam
718 3367 776 3412 tum
793 3365 833 3426 lt,
853 3379 922 3415 corr.
940 3363 1073 3413 Liuineius
1088 3361 1093 3423 Ι
1106 3367 1170 3426 post

195 3424 324 3476 radiabat
342 3428 416 3478 Bert.
435 3435 463 3480 et
480 3433 540 3482 add.
558 3429 568 3496 ΙΙ
590 3433 622 3482 22
640 3446 696 3482 non
714 3433 787 3482 edd:
805 3446 871 3481 num
888 3433 916 3479 1
934 3430 1008 3481 Bert.
1029 3425 1040 3494 l]
1061 3431 1094 3480 23
1112 3443 1170 3478 nou

195 3495 268 3543 edd„-
295 3509 359 3554 num
377 3496 404 3542 Η
421 3497 496 3548 Bert.
526 3496 536 3563 ΙΙ
565 3501 598 3548 26
617 3498 755 3550 habitaris
774 3499 808 3550 ab
826 3501 849 3548 A
874 3500 879 3562 Ι
906 3503 995 3548 terras
1013 3498 1042 3546 in
1061 3510 1169 3546 ooesno

194 3563 213 3610 B
233 3563 250 3609 c
269 3563 291 3609 V
308 3561 341 3610 W
361 3560 371 3628 ΙΙ
396 3565 428 3613 28
446 3565 554 3616 uicibus
571 3568 606 3614 W
