2582 3992
476 209 634 263 TRAIANO
652 210 688 263 D.
723 212 833 265 89-91.
1094 209 1135 278 85

170 359 280 426 Nerua
295 363 332 424 ut
345 379 416 443 nos,
440 359 500 423 etsi
521 359 627 434 minus
642 361 679 423 ut
699 359 808 443 bonos,
828 377 1016 446 promouere
1030 361 1137 446 uellet,
1205 399 1206 402 =

171 445 248 530 quia
267 443 383 508 mutati
404 444 523 509 saeculi
538 445 667 529 signum
688 445 720 508 ct
741 444 801 510 hoc
823 448 907 510 esset
933 445 1016 529 quod
1045 446 1137 510 llore-

170 532 244 594 rent
266 549 401 613 quorum
422 529 629 614 praecipuum
656 531 767 594 uotum
794 531 868 594 ante
889 530 995 595 fuerat
1015 535 1053 596 ut
1074 551 1138 595 me-

169 614 291 679 moriae
313 613 469 698 principis
491 613 702 679 elaberentur.

229 697 312 765 XCI.
333 697 486 764 Nondum
505 697 672 764 biennium
695 699 967 782 compleueramus
982 699 1017 764 in
1033 698 1165 764 officior

170 783 421 848 laboriosissimo
454 786 487 848 et
518 783 674 865 maxime,
710 804 782 849 cum
815 787 851 848 tu
878 783 986 866 nobis,
1020 784 1140 868 optime

194 868 366 952 rincipum,
381 867 557 934 fortissime
572 869 810 952 imperatorum,
830 858 1031 936 consulatum
1047 869 1140 934 obtu-

170 891 249 1035 llsti,
272 956 310 1017 ut
331 953 372 1017 ad
394 973 552 1018 summum
580 952 735 1019 honorem
762 953 867 1038 gratia
895 954 1067 1020 celeritatis
1090 975 1141 1018 ac-

172 1037 314 1103 cederet:
344 1041 470 1102 tautum
499 1039 584 1104 inter
611 1040 644 1102 te
671 1040 704 1103 et
729 1038 801 1103 illos
823 1038 987 1122 principes
1008 1035 1143 1104 interest

171 1122 227 1208 qui
255 1122 419 1187 beneficiis
446 1124 511 1187 suis
546 1123 855 1188 commendationem
883 1145 922 1188 ex
950 1123 1140 1188 difficultate
1154 1143 1180 1186 ιο

172 1208 349 1290 captabant
376 1208 595 1292 gratioresque
628 1207 858 1292 accipientibus
891 1208 1030 1273 honores
1059 1208 1140 1272 arbi·

171 1292 360 1376 trabuntur,
393 1291 421 1356 si
447 1293 535 1377 prius
563 1293 636 1357 illos
671 1293 850 1378 desperatio
877 1293 913 1356 in
941 1293 1082 1357 taedium
1110 1294 1143 1356 et

170 1376 287 1444 similis
309 1377 456 1461 repulsae
478 1399 569 1442 mora
595 1377 630 1441 in
659 1380 771 1442 notam
792 1378 952 1462 quandam
974 1377 1142 1460 pudorem·

172 1483 234 1546 que
256 1462 415 1526 uertisset.
445 1461 555 1526 obstat
576 1461 770 1527 uerecundia
798 1484 860 1546 quo
882 1462 988 1527 minus
1010 1482 1141 1546 percen-

172 1567 299 1611 seamus
328 1567 390 1630 quo
419 1551 590 1631 utrumque
623 1550 767 1612 nostrum
792 1547 976 1611 testimonio
1004 1546 1179 1629 ornaris,15

171 1634 210 1696 ut
231 1651 339 1695 amore
361 1632 450 1715 recti,
477 1653 587 1696 amore
608 1630 823 1717 reipublicae
845 1631 958 1715 priscis
980 1631 1044 1696 illis
1067 1653 1141 1696 con-

174 1715 511 1799 sulibusaequaueris.
541 1717 656 1781 merito
670 1737 784 1799 necne,
804 1719 951 1781 neutram
967 1716 1002 1779 in
1016 1719 1142 1798 partem

173 1799 343 1865 decernere
371 1803 559 1886 audeamus,
589 1801 663 1884 quia
691 1821 752 1866 nec
778 1801 829 1864 fas
858 1802 907 1865 est
935 1799 1142 1864 affirmationi

173 1887 250 1950 tuae
273 1885 429 1970 derogare
452 1890 485 1951 et
506 1907 678 1951 onerosum
705 1885 849 1950 confiteri
872 1907 948 1951 uera
970 1907 1038 1950 esse
1059 1905 1143 1969 quae

174 1969 214 2034 de
227 1970 331 2052 nobis,
347 1971 534 2053 praesertim
548 1977 616 2035 tarn
631 1971 815 2056 magnifica,
836 1969 952 2035 dixisti.
982 1973 1019 2034 tu
1033 1973 1143 2034 tamen
1155 1987 1180 2030 ιο

173 2053 292 2139 dignus
321 2076 355 2118 es
379 2055 438 2202 gui
466 2076 520 2120 eos
555 2055 701 2121 consules
734 2054 835 2120 facias
868 2055 907 2120 de
940 2055 1053 2138 quibus
1081 2055 1143 2118 ista

196 2139 276 2203 ossis
298 2161 377 2223 prae
400 2139 494 2204 icare.
523 2140 645 2205 tribuas
671 2141 802 2204 ueniam
837 2140 920 2224 quod
949 2142 1035 2204 inter
1063 2137 1143 2206 haec

171 2161 332 2288 beneficia
351 2228 409 2289 tua
428 2225 649 2309 gratissimum
670 2228 720 2290 est
739 2225 834 2290 nobis
856 2224 939 2309 quod
959 2246 1018 2289 nos
1032 2245 1142 2288 rursus

174 2308 316 2393 collegas
346 2329 415 2373 esse
442 2309 584 2373 uoluisti.
626 2310 673 2374 ita
701 2311 818 2374 caritas
845 2312 967 2392 mutua,
995 2310 1042 2374 ita
1070 2330 1143 2373 con-

174 2414 295 2477 gruens
315 2396 410 2458 tenor
429 2393 524 2478 uitae,
545 2395 595 2458 ita
613 2416 679 2459 una
700 2394 872 2477 eademque
885 2393 970 2459 ratio
984 2393 1143 2478 propositi
1155 2408 1181 2452 ιι

173 2477 374 2562 postulabat,
404 2477 493 2543 cuius
516 2499 553 2543 ea
575 2478 624 2544 uis
657 2482 694 2544 ut
720 2500 843 2544 morum
872 2477 1048 2543 similitudo
1070 2499 1142 2542 con-

175 2562 301 2629 cordiae
315 2565 447 2628 nostrae
461 2563 598 2648 gloriam
619 2564 744 2630 minuat
758 2586 795 2629 ac
810 2563 941 2649 perinde
957 2564 1000 2628 sit
1013 2563 1141 2646 mirum,

176 2646 204 2711 si
227 2647 309 2712 alter
330 2650 476 2712 nostrum
500 2669 518 2712 a
542 2649 676 2733 collega,
700 2671 737 2712 ac
752 2651 779 2713 si
797 2670 815 2713 a
830 2650 947 2733 seipse
963 2647 1141 2714 dissentiat.

174 2753 242 2796 non
264 2753 342 2816 ergo
363 2733 591 2817 temporarium
614 2736 646 2797 et
668 2733 809 2798 subitum
831 2737 880 2798 est
902 2733 987 2817 quod
1009 2735 1142 2817 uterque

175 2816 316 2902 collegae
340 2817 505 2882 consulatu
525 2824 688 2901 tamquam
708 2818 825 2881 iterum
845 2838 902 2882 suo
918 2817 1057 2900 gaudet,
1078 2817 1181 2881 nisiae

174 2901 257 2984 quod
284 2905 394 2967 tamen
422 2902 477 2986 qui
505 2923 614 2966 rursus
643 2902 790 2966 consules
817 2901 900 2965 fiunt
927 2900 976 2964 bis
1005 2899 1141 2985 quidem,

177 2985 231 3049 sed
253 2986 451 3071 temporibus
473 2985 609 3051 diuersis
631 2985 826 3071 obligantur,
848 3007 907 3050 nos
930 2985 1009 3049 duos
1031 3005 1143 3050 consu·

244 3210 258 3258 1
276 3210 332 3259 etsi
349 3211 438 3259 minus
460 3214 542 3260 notos
562 3211 593 3258 ut
614 3209 701 3260 bonor
719 3213 812 3260 tamen
830 3222 991 3272 promouere
1008 3209 1113 3274 Lipsius
1128 3206 1140 3274 11

174 3276 192 3326 8
215 3274 340 3342 quorum]
370 3293 423 3342 quo
445 3279 463 3326 θ
491 3274 501 3343 1
532 3280 550 3327 4
574 3276 748 3328 elaberemur
767 3278 804 3338 1,
827 3292 895 3326 corr.
919 3290 935 3340 ς
963 3272 974 3340 11
1008 3278 1024 3328 8
1067 3279 1141 3327 ratic

174 3346 285 3409 scripsi:
309 3344 398 3410 gloria
420 3346 447 3392 Π
470 3341 512 3410 119
531 3349 637 3395 tantum
661 3345 732 3395 enim
756 3345 829 3394 inter
847 3344 880 3392 W
902 3341 912 3408 11
938 3345 969 3393 12
988 3293 1066 3410 illosl
1084 3344 1142 3394 illis

176 3409 336 3463 Schwarziua
355 3410 358 3478 1
378 3412 407 3462 in
429 3429 492 3478 epo:
513 3419 544 3462 et
561 3412 588 3462 Η
612 3410 622 3478 1
648 3415 679 3463 14
700 3415 834 3464 uertisset
856 3411 876 3461 B
895 3413 930 3460 V:
954 3412 1142 3464 uertissentc

104 3529 110 3534 .
175 3477 241 3545 Wfl
269 3481 302 3529 22
324 3481 414 3546 possis
437 3483 493 3531 ista
516 3483 533 3529 ὓ
556 3477 566 3544 11
595 3483 627 3530 23
650 3496 700 3532 nos
723 3498 769 3532 om.
788 3480 821 3528 W
844 3476 854 3544 l
882 3481 915 3529 26
937 3479 1059 3544 postulat
1076 3479 1108 3526 W
1127 3475 1140 3540 11

175 3547 207 3596 27
225 3553 321 3598 nostra
340 3551 357 3597 ὓ
380 3546 390 3614 l
414 3550 447 3600 28
465 3549 525 3613 ipso
537 3548 683 3599 Calaureae
