<?xml version="1.0" encoding="UTF-8"?>
<!DOCTYPE html PUBLIC "-//W3C//DTD XHTML 1.0 Transitional//EN"
    "http://www.w3.org/TR/xhtml1/DTD/xhtml1-transitional.dtd">
<html xmlns="http://www.w3.org/1999/xhtml" xml:lang="en" lang="en">
 <head>
  <title>
</title>
<meta http-equiv="Content-Type" content="text/html;charset=utf-8" />
  <meta name='ocr-system' content='tesseract 3.04.00' />
  <meta name='ocr-capabilities' content='ocr_page ocr_carea ocr_par ocr_line ocrx_word'/>
</head>
<body>
  <div class='ocr_page' id='page_1' title='image "./xiipanegyricila02baehgoog_0263.png"; bbox 0 0 2578 4000; ppageno 0'>
   <div class='ocr_carea' id='block_1_1' title="bbox 298 221 1095 287">
    <p class='ocr_par' dir='ltr' id='par_1_1' title="bbox 298 221 1095 287">
     <span class='ocr_line' id='line_1_1' title="bbox 298 221 1095 287; baseline 0.013 -11"><span class='ocrx_word' id='word_1_1' title='bbox 298 224 558 278; x_wconf 77' lang='lat' dir='ltr'><strong>oousraurruo</strong></span> <span class='ocrx_word' id='word_1_2' title='bbox 579 223 749 276; x_wconf 75' lang='lat' dir='ltr'><strong>aususro</strong></span> <span class='ocrx_word' id='word_1_3' title='bbox 769 225 803 275; x_wconf 88' lang='lat' dir='ltr'><strong>o.</strong></span> <span class='ocrx_word' id='word_1_4' title='bbox 822 226 932 276; x_wconf 79' lang='lat' dir='ltr'><strong>aa-sc.</strong></span> <span class='ocrx_word' id='word_1_5' title='bbox 1033 221 1095 287; x_wconf 79' lang='lat'><strong>231</strong></span> 
     </span>
    </p>
   </div>
   <div class='ocr_carea' id='block_1_2' title="bbox 127 371 1123 878">
    <p class='ocr_par' dir='ltr' id='par_1_2' title="bbox 127 371 1123 878">
     <span class='ocr_line' id='line_1_2' title="bbox 127 371 1093 457; baseline -0.002 -19"><span class='ocrx_word' id='word_1_6' title='bbox 127 377 238 457; x_wconf 88' lang='lat' dir='ltr'><strong>petum</strong></span> <span class='ocrx_word' id='word_1_7' title='bbox 253 372 355 437; x_wconf 86' lang='lat' dir='ltr'><strong>hostis</strong></span> <span class='ocrx_word' id='word_1_8' title='bbox 371 372 515 455; x_wconf 88' lang='lat' dir='ltr'><strong>effundis,</strong></span> <span class='ocrx_word' id='word_1_9' title='bbox 530 371 605 436; x_wconf 89' lang='lat' dir='ltr'><strong>dein</strong></span> <span class='ocrx_word' id='word_1_10' title='bbox 620 392 699 455; x_wconf 89' lang='lat' dir='ltr'><strong>quos</strong></span> <span class='ocrx_word' id='word_1_11' title='bbox 710 371 902 436; x_wconf 84' lang='lat' dir='ltr'><strong>ludificando</strong></span> <span class='ocrx_word' id='word_1_12' title='bbox 917 392 1093 456; x_wconf 87' lang='lat' dir='ltr'><strong>receperas,</strong></span> 
     </span>
     <span class='ocr_line' id='line_1_3' title="bbox 127 455 1095 552; baseline 0 -30"><span class='ocrx_word' id='word_1_13' title='bbox 127 458 268 522; x_wconf 89' lang='lat' dir='ltr'><strong>reductis</strong></span> <span class='ocrx_word' id='word_1_14' title='bbox 304 456 487 541; x_wconf 81' lang='lat' dir='ltr'><strong>agminibus</strong></span> <span class='ocrx_word' id='word_1_15' title='bbox 523 455 688 552; x_wconf 64' lang='lat' dir='ltr'><strong>includis.⁹</strong></span> <span class='ocrx_word' id='word_1_16' title='bbox 714 455 762 519; x_wconf 91' lang='lat' dir='ltr'><strong>nil</strong></span> <span class='ocrx_word' id='word_1_17' title='bbox 799 456 950 539; x_wconf 75' lang='lat' dir='ltr'>proderat</span> <span class='ocrx_word' id='word_1_18' title='bbox 983 460 1095 522; x_wconf 86' lang='lat' dir='ltr'><strong>contra</strong></span> 
     </span>
     <span class='ocr_line' id='line_1_4' title="bbox 127 540 1096 636; baseline -0.002 -30"><span class='ocrx_word' id='word_1_19' title='bbox 127 543 273 623; x_wconf 88' lang='lat' dir='ltr'><strong>tendere,</strong></span> <span class='ocrx_word' id='word_1_20' title='bbox 303 562 375 605; x_wconf 85' lang='lat' dir='ltr'><strong>cunr</strong></span> <span class='ocrx_word' id='word_1_21' title='bbox 401 562 440 604; x_wconf 89' lang='lat' dir='ltr'><strong>ex</strong></span> <span class='ocrx_word' id='word_1_22' title='bbox 461 541 621 605; x_wconf 89' lang='lat' dir='ltr'><strong>industria</strong></span> <span class='ocrx_word' id='word_1_23' title='bbox 641 544 690 604; x_wconf 82' lang='lat' dir='ltr'><strong>tur</strong></span> <span class='ocrx_word' id='word_1_24' title='bbox 713 541 871 636; x_wconf 79' lang='lat' dir='ltr'><strong>cederent.</strong></span> <span class='ocrx_word' id='word_1_25' title='bbox 914 540 1032 604; x_wconf 85' lang='lat' dir='ltr'><strong>flexum</strong></span> <span class='ocrx_word' id='word_1_26' title='bbox 1056 541 1096 604; x_wconf 87' lang='lat' dir='ltr'><strong>ad</strong></span> 
     </span>
     <span class='ocr_line' id='line_1_5' title="bbox 127 625 1097 724; baseline -0.001 -34"><span class='ocrx_word' id='word_1_27' title='bbox 127 625 360 724; x_wconf 80' lang='lat' dir='ltr'><strong>insequendum</strong></span> <span class='ocrx_word' id='word_1_28' title='bbox 376 626 497 722; x_wconf 83' lang='lat' dir='ltr'><strong>ferreus</strong></span> <span class='ocrx_word' id='word_1_29' title='bbox 519 626 607 722; x_wconf 75' lang='lat' dir='ltr'><strong>rigor</strong></span> <span class='ocrx_word' id='word_1_30' title='bbox 621 645 687 688; x_wconf 90' lang='lat' dir='ltr'><strong>non</strong></span> <span class='ocrx_word' id='word_1_31' title='bbox 703 625 810 688; x_wconf 90' lang='lat' dir='ltr'><strong>dabat.</strong></span> <span class='ocrx_word' id='word_1_32' title='bbox 838 629 886 720; x_wconf 80' lang='lat' dir='ltr'><strong>rta</strong></span> <span class='ocrx_word' id='word_1_33' title='bbox 909 626 1010 689; x_wconf 80' lang='lat' dir='ltr'>nostri</span> <span class='ocrx_word' id='word_1_34' title='bbox 1026 647 1097 723; x_wconf 78' lang='lat' dir='ltr'><strong>pro-</strong></span> 
     </span>
     <span class='ocr_line' id='line_1_6' title="bbox 128 709 1123 878; baseline 0 -20"><span class='ocrx_word' id='word_1_35' title='bbox 128 709 1123 878; x_wconf 52' lang='lat' dir='ltr'><strong>ttulittubalttttttttttttlittle⁶</strong></span> 
     </span>
    </p>
   </div>
   <div class='ocr_carea' id='block_1_3' title="bbox 9 871 1098 963">
    <p class='ocr_par' dir='ltr' id='par_1_3' title="bbox 9 871 1098 963">
     <span class='ocr_line' id='line_1_7' title="bbox 9 871 1098 963; baseline -0.001 -20"><span class='ocrx_word' id='word_1_36' title='bbox 9 871 16 903; x_wconf 73' lang='lat'>³</span> <span class='ocrx_word' id='word_1_37' title='bbox 128 878 350 963; x_wconf 75' lang='lat' dir='ltr'><strong>defatigabant</strong></span> <span class='ocrx_word' id='word_1_38' title='bbox 377 899 414 942; x_wconf 92' lang='lat' dir='ltr'><strong>ac</strong></span> <span class='ocrx_word' id='word_1_39' title='bbox 441 879 579 942; x_wconf 84' lang='lat' dir='ltr'><strong>maxime</strong></span> <span class='ocrx_word' id='word_1_40' title='bbox 607 877 767 960; x_wconf 76' lang='lat' dir='ltr'><strong>capitibus</strong></span> <span class='ocrx_word' id='word_1_41' title='bbox 794 877 989 960; x_wconf 82' lang='lat' dir='ltr'><strong>applicatae,</strong></span> <span class='ocrx_word' id='word_1_42' title='bbox 1018 899 1098 960; x_wconf 86' lang='lat' dir='ltr'><strong>quos</strong></span> 
     </span>
    </p>
   </div>
   <div class='ocr_carea' id='block_1_4' title="bbox 127 961 1138 2815">
    <p class='ocr_par' dir='ltr' id='par_1_4' title="bbox 127 961 1138 2815">
     <span class='ocr_line' id='line_1_8' title="bbox 127 961 1098 1046; baseline -0.002 -19"><span class='ocrx_word' id='word_1_43' title='bbox 127 963 195 1027; x_wconf 88' lang='lat' dir='ltr'><strong>ictu</strong></span> <span class='ocrx_word' id='word_1_44' title='bbox 215 963 499 1045; x_wconf 84' lang='lat' dir='ltr'><strong>perturbauersnt,</strong></span> <span class='ocrx_word' id='word_1_45' title='bbox 522 983 613 1026; x_wconf 87' lang='lat' dir='ltr'><strong>ruere</strong></span> <span class='ocrx_word' id='word_1_46' title='bbox 635 961 804 1046; x_wconf 83' lang='lat' dir='ltr'><strong>cogebant.</strong></span> <span class='ocrx_word' id='word_1_47' title='bbox 839 965 917 1026; x_wconf 86' lang='lat' dir='ltr'><strong>tunc</strong></span> <span class='ocrx_word' id='word_1_48' title='bbox 938 963 985 1026; x_wconf 89' lang='lat' dir='ltr'><strong>ire</strong></span> <span class='ocrx_word' id='word_1_49' title='bbox 1007 984 1098 1045; x_wconf 87' lang='lat' dir='ltr'><strong>prae-</strong></span> 
     </span>
     <span class='ocr_line' id='line_1_9' title="bbox 129 1045 1099 1144; baseline -0.003 -33"><span class='ocrx_word' id='word_1_50' title='bbox 129 1047 258 1144; x_wconf 83' lang='lat' dir='ltr'><strong>cipites,</strong></span> <span class='ocrx_word' id='word_1_51' title='bbox 284 1047 352 1143; x_wconf 73' lang='lat' dir='ltr'><strong>labi</strong></span> <span class='ocrx_word' id='word_1_52' title='bbox 371 1047 518 1144; x_wconf 76' lang='lat' dir='ltr'><strong>reclinis,</strong></span> <span class='ocrx_word' id='word_1_53' title='bbox 548 1046 730 1144; x_wconf 40' lang='lat' dir='ltr'><strong>semineces·</strong></span> <span class='ocrx_word' id='word_1_54' title='bbox 746 1045 896 1110; x_wconf 71' lang='lat' dir='ltr'><strong>ancillare</strong></span> <span class='ocrx_word' id='word_1_55' title='bbox 926 1050 983 1110; x_wconf 89' lang='lat' dir='ltr'><strong>aut</strong></span> <span class='ocrx_word' id='word_1_56' title='bbox 1003 1047 1099 1110; x_wconf 87' lang='lat' dir='ltr'><strong>mori-</strong></span> 
     </span>
     <span class='ocr_line' id='line_1_10' title="bbox 127 1131 1135 1310; baseline 0 -31"><span class='ocrx_word' id='word_1_57' title='bbox 127 1131 424 1310; x_wconf 56' lang='lat' dir='ltr'><strong>tuttuttttt,</strong></span> <span class='ocrx_word' id='word_1_58' title='bbox 446 1132 1135 1298; x_wconf 62' lang='lat' dir='ltr'><strong>ttttta³ttttrtt¹¹tttpllt²⁰</strong></span> 
     </span>
     <span class='ocr_line' id='line_1_11' title="bbox 129 1297 1097 1383; baseline -0.002 -19"><span class='ocrx_word' id='word_1_59' title='bbox 129 1308 270 1383; x_wconf 81' lang='lat' dir='ltr'><strong>equitem</strong></span> <span class='ocrx_word' id='word_1_60' title='bbox 292 1300 403 1364; x_wconf 85' lang='lat' dir='ltr'><strong>effreni</strong></span> <span class='ocrx_word' id='word_1_61' title='bbox 426 1300 535 1364; x_wconf 91' lang='lat' dir='ltr'><strong>dolore</strong></span> <span class='ocrx_word' id='word_1_62' title='bbox 549 1298 738 1363; x_wconf 91' lang='lat' dir='ltr'><strong>fundebant.</strong></span> <span class='ocrx_word' id='word_1_63' title='bbox 767 1297 808 1361; x_wconf 85' lang='lat' dir='ltr'><strong>ad</strong></span> <span class='ocrx_word' id='word_1_64' title='bbox 829 1320 927 1361; x_wconf 90' lang='lat' dir='ltr'><strong>unum</strong></span> <span class='ocrx_word' id='word_1_65' title='bbox 950 1299 1097 1363; x_wconf 90' lang='lat' dir='ltr'><strong>omnibus</strong></span> 
     </span>
     <span class='ocr_line' id='line_1_12' title="bbox 128 1382 1098 1466; baseline -0.001 -18"><span class='ocrx_word' id='word_1_66' title='bbox 128 1383 308 1448; x_wconf 87' lang='lat' dir='ltr'><strong>interfectis</strong></span> <span class='ocrx_word' id='word_1_67' title='bbox 323 1383 478 1466; x_wconf 89' lang='lat' dir='ltr'><strong>hostibus,</strong></span> <span class='ocrx_word' id='word_1_68' title='bbox 501 1384 565 1447; x_wconf 89' lang='lat' dir='ltr'><strong>tuis</strong></span> <span class='ocrx_word' id='word_1_69' title='bbox 579 1383 728 1466; x_wconf 85' lang='lat' dir='ltr'><strong>integris,</strong></span> <span class='ocrx_word' id='word_1_70' title='bbox 751 1382 916 1446; x_wconf 89' lang='lat' dir='ltr'><strong>horrorem</strong></span> <span class='ocrx_word' id='word_1_71' title='bbox 939 1403 1098 1448; x_wconf 86' lang='lat' dir='ltr'><strong>armorum</strong></span> 
     </span>
     <span class='ocr_line' id='line_1_13' title="bbox 130 1465 1097 1550; baseline -0.001 -19"><span class='ocrx_word' id='word_1_72' title='bbox 130 1467 380 1532; x_wconf 84' lang='lat' dir='ltr'><strong>admiraculum</strong></span> <span class='ocrx_word' id='word_1_73' title='bbox 409 1468 565 1532; x_wconf 87' lang='lat' dir='ltr'><strong>uictoriae</strong></span> <span class='ocrx_word' id='word_1_74' title='bbox 586 1467 836 1548; x_wconf 86' lang='lat' dir='ltr'><strong>transtulerunt,</strong></span> <span class='ocrx_word' id='word_1_75' title='bbox 865 1465 948 1550; x_wconf 89' lang='lat' dir='ltr'><strong>quod</strong></span> <span class='ocrx_word' id='word_1_76' title='bbox 972 1467 1097 1550; x_wconf 88' lang='lat' dir='ltr'><strong>quiin·</strong></span> 
     </span>
     <span class='ocr_line' id='line_1_14' title="bbox 129 1550 1136 1617; baseline 0 -1"><span class='ocrx_word' id='word_1_77' title='bbox 129 1551 346 1617; x_wconf 87' lang='lat' dir='ltr'><strong>uulnerabiles</strong></span> <span class='ocrx_word' id='word_1_78' title='bbox 368 1551 569 1616; x_wconf 86' lang='lat' dir='ltr'><strong>habebantur</strong></span> <span class='ocrx_word' id='word_1_79' title='bbox 596 1550 665 1615; x_wconf 87' lang='lat' dir='ltr'><strong>sinc</strong></span> <span class='ocrx_word' id='word_1_80' title='bbox 686 1555 813 1615; x_wconf 87' lang='lat' dir='ltr'><strong>tucrum</strong></span> <span class='ocrx_word' id='word_1_81' title='bbox 841 1550 1027 1616; x_wconf 89' lang='lat' dir='ltr'><strong>uulneribus</strong></span> <span class='ocrx_word' id='word_1_82' title='bbox 1049 1552 1098 1616; x_wconf 90' lang='lat' dir='ltr'><strong>in·</strong></span> <span class='ocrx_word' id='word_1_83' title='bbox 1112 1567 1136 1608; x_wconf 80' lang='lat'><strong>1⁵</strong></span> 
     </span>
     <span class='ocr_line' id='line_1_15' title="bbox 128 1634 1099 1719; baseline 0.001 -20"><span class='ocrx_word' id='word_1_84' title='bbox 128 1638 290 1700; x_wconf 88' lang='lat' dir='ltr'><strong>terissent.</strong></span> <span class='ocrx_word' id='word_1_85' title='bbox 317 1636 503 1701; x_wconf 86' lang='lat' dir='ltr'><strong>Antoninus</strong></span> <span class='ocrx_word' id='word_1_86' title='bbox 525 1637 698 1719; x_wconf 87' lang='lat' dir='ltr'><strong>imperator</strong></span> <span class='ocrx_word' id='word_1_87' title='bbox 720 1634 756 1698; x_wconf 92' lang='lat' dir='ltr'><strong>in</strong></span> <span class='ocrx_word' id='word_1_88' title='bbox 777 1637 854 1718; x_wconf 88' lang='lat' dir='ltr'><strong>toga</strong></span> <span class='ocrx_word' id='word_1_89' title='bbox 874 1640 1043 1718; x_wconf 87' lang='lat' dir='ltr'><strong>praestans</strong></span> <span class='ocrx_word' id='word_1_90' title='bbox 1066 1639 1099 1700; x_wconf 90' lang='lat' dir='ltr'><strong>et</strong></span> 
     </span>
     <span class='ocr_line' id='line_1_16' title="bbox 129 1719 1099 1800; baseline -0.001 -16"><span class='ocrx_word' id='word_1_91' title='bbox 129 1742 196 1784; x_wconf 89' lang='lat' dir='ltr'><strong>non</strong></span> <span class='ocrx_word' id='word_1_92' title='bbox 218 1721 304 1785; x_wconf 88' lang='lat' dir='ltr'><strong>iners</strong></span> <span class='ocrx_word' id='word_1_93' title='bbox 327 1743 386 1786; x_wconf 88' lang='lat' dir='ltr'><strong>nee</strong></span> <span class='ocrx_word' id='word_1_94' title='bbox 407 1720 524 1784; x_wconf 81' lang='lat' dir='ltr'><strong>futtilis</strong></span> <span class='ocrx_word' id='word_1_95' title='bbox 545 1719 646 1800; x_wconf 85' lang='lat' dir='ltr'><strong>belle,</strong></span> <span class='ocrx_word' id='word_1_96' title='bbox 677 1740 749 1782; x_wconf 90' lang='lat' dir='ltr'><strong>cum</strong></span> <span class='ocrx_word' id='word_1_97' title='bbox 771 1719 940 1782; x_wconf 87' lang='lat' dir='ltr'><strong>aduersum</strong></span> <span class='ocrx_word' id='word_1_98' title='bbox 962 1719 1099 1784; x_wconf 87' lang='lat' dir='ltr'><strong>Parthos</strong></span> 
     </span>
     <span class='ocr_line' id='line_1_17' title="bbox 129 1803 1099 1889; baseline 0 -21"><span class='ocrx_word' id='word_1_99' title='bbox 129 1804 227 1869; x_wconf 87' lang='lat' dir='ltr'><strong>armis</strong></span> <span class='ocrx_word' id='word_1_100' title='bbox 260 1806 472 1889; x_wconf 83' lang='lat' dir='ltr'><strong>experiretur,</strong></span> <span class='ocrx_word' id='word_1_101' title='bbox 511 1804 589 1868; x_wconf 87' lang='lat' dir='ltr'><strong>uisis</strong></span> <span class='ocrx_word' id='word_1_102' title='bbox 622 1803 805 1867; x_wconf 83' lang='lat' dir='ltr'><strong>catafractis</strong></span> <span class='ocrx_word' id='word_1_103' title='bbox 836 1803 915 1867; x_wconf 83' lang='lat' dir='ltr'><strong>adeo</strong></span> <span class='ocrx_word' id='word_1_104' title='bbox 945 1806 1031 1868; x_wconf 88' lang='lat' dir='ltr'><strong>totus</strong></span> <span class='ocrx_word' id='word_1_105' title='bbox 1063 1804 1099 1868; x_wconf 90' lang='lat' dir='ltr'><strong>in</strong></span> 
     </span>
     <span class='ocr_line' id='line_1_18' title="bbox 129 1887 1099 1972; baseline 0 -20"><span class='ocrx_word' id='word_1_106' title='bbox 129 1893 251 1953; x_wconf 88' lang='lat' dir='ltr'><strong>metum</strong></span> <span class='ocrx_word' id='word_1_107' title='bbox 273 1889 363 1953; x_wconf 90' lang='lat' dir='ltr'><strong>uenit</strong></span> <span class='ocrx_word' id='word_1_108' title='bbox 391 1893 427 1953; x_wconf 88' lang='lat' dir='ltr'><strong>ut</strong></span> <span class='ocrx_word' id='word_1_109' title='bbox 448 1889 532 1952; x_wconf 87' lang='lat' dir='ltr'><strong>ultro</strong></span> <span class='ocrx_word' id='word_1_110' title='bbox 560 1887 599 1952; x_wconf 89' lang='lat' dir='ltr'><strong>ad</strong></span> <span class='ocrx_word' id='word_1_111' title='bbox 621 1909 730 1972; x_wconf 90' lang='lat' dir='ltr'><strong>regem</strong></span> <span class='ocrx_word' id='word_1_112' title='bbox 757 1887 988 1953; x_wconf 84' lang='lat' dir='ltr'><strong>conciliatrices</strong></span> <span class='ocrx_word' id='word_1_113' title='bbox 1010 1889 1099 1972; x_wconf 90' lang='lat' dir='ltr'><strong>pacis</strong></span> 
     </span>
     <span class='ocr_line' id='line_1_19' title="bbox 130 1971 1137 2058; baseline -0.001 -20"><span class='ocrx_word' id='word_1_114' title='bbox 130 1973 254 2038; x_wconf 87' lang='lat' dir='ltr'><strong>litteras</strong></span> <span class='ocrx_word' id='word_1_115' title='bbox 278 1973 376 2038; x_wconf 87' lang='lat' dir='ltr'><strong>daret.</strong></span> <span class='ocrx_word' id='word_1_116' title='bbox 422 1995 500 2058; x_wconf 88' lang='lat' dir='ltr'><strong>quas</strong></span> <span class='ocrx_word' id='word_1_117' title='bbox 528 1993 600 2037; x_wconf 92' lang='lat' dir='ltr'><strong>cum</strong></span> <span class='ocrx_word' id='word_1_118' title='bbox 628 1993 684 2036; x_wconf 87' lang='lat' dir='ltr'><strong>rex</strong></span> <span class='ocrx_word' id='word_1_119' title='bbox 711 1971 899 2036; x_wconf 88' lang='lat' dir='ltr'><strong>immodicus</strong></span> <span class='ocrx_word' id='word_1_120' title='bbox 930 1972 1030 2037; x_wconf 85' lang='lat' dir='ltr'><strong>animi</strong></span> <span class='ocrx_word' id='word_1_121' title='bbox 1051 1994 1098 2037; x_wconf 91' lang='lat' dir='ltr'><strong>re·</strong></span> <span class='ocrx_word' id='word_1_122' title='bbox 1112 1989 1137 2028; x_wconf 78' lang='lat'><strong>²⁰</strong></span> 
     </span>
     <span class='ocr_line' id='line_1_20' title="bbox 132 2053 1098 2141; baseline -0.002 -19"><span class='ocrx_word' id='word_1_123' title='bbox 132 2059 278 2141; x_wconf 83' lang='lat' dir='ltr'><strong>spuisset,</strong></span> <span class='ocrx_word' id='word_1_124' title='bbox 300 2058 473 2123; x_wconf 88' lang='lat' dir='ltr'><strong>insolentia</strong></span> <span class='ocrx_word' id='word_1_125' title='bbox 493 2056 620 2141; x_wconf 91' lang='lat' dir='ltr'><strong>quidem</strong></span> <span class='ocrx_word' id='word_1_126' title='bbox 635 2053 762 2121; x_wconf 84' lang='lat' dir='ltr'><strong>barbari</strong></span> <span class='ocrx_word' id='word_1_127' title='bbox 779 2055 937 2120; x_wconf 87' lang='lat' dir='ltr'><strong>debellata</strong></span> <span class='ocrx_word' id='word_1_128' title='bbox 962 2061 1019 2137; x_wconf 79' lang='lat' dir='ltr'><strong>cst,</strong></span> <span class='ocrx_word' id='word_1_129' title='bbox 1043 2057 1098 2121; x_wconf 89' lang='lat' dir='ltr'><strong>sed</strong></span> 
     </span>
     <span class='ocr_line' id='line_1_21' title="bbox 130 2141 1100 2225; baseline -0.001 -19"><span class='ocrx_word' id='word_1_130' title='bbox 130 2143 326 2225; x_wconf 84' lang='lat' dir='ltr'><strong>patefactum</strong></span> <span class='ocrx_word' id='word_1_131' title='bbox 349 2147 397 2207; x_wconf 87' lang='lat' dir='ltr'><strong>est</strong></span> <span class='ocrx_word' id='word_1_132' title='bbox 411 2144 445 2206; x_wconf 88' lang='lat' dir='ltr'><strong>in</strong></span> <span class='ocrx_word' id='word_1_133' title='bbox 460 2142 511 2206; x_wconf 88' lang='lat' dir='ltr'><strong>his</strong></span> <span class='ocrx_word' id='word_1_134' title='bbox 531 2141 627 2206; x_wconf 87' lang='lat' dir='ltr'><strong>armis</strong></span> <span class='ocrx_word' id='word_1_135' title='bbox 641 2144 768 2206; x_wconf 85' lang='lat' dir='ltr'><strong>tantam</strong></span> <span class='ocrx_word' id='word_1_136' title='bbox 787 2141 892 2206; x_wconf 91' lang='lat' dir='ltr'><strong>inesse</strong></span> <span class='ocrx_word' id='word_1_137' title='bbox 911 2141 1100 2205; x_wconf 88' lang='lat' dir='ltr'><strong>uiolentiam</strong></span> 
     </span>
     <span class='ocr_line' id='line_1_22' title="bbox 130 2227 1098 2309; baseline 0 -19"><span class='ocrx_word' id='word_1_138' title='bbox 130 2230 167 2290; x_wconf 88' lang='lat' dir='ltr'><strong>ut</strong></span> <span class='ocrx_word' id='word_1_139' title='bbox 188 2228 252 2289; x_wconf 87' lang='lat' dir='ltr'><strong>iam</strong></span> <span class='ocrx_word' id='word_1_140' title='bbox 282 2230 314 2290; x_wconf 86' lang='lat' dir='ltr'><strong>ct</strong></span> <span class='ocrx_word' id='word_1_141' title='bbox 335 2227 511 2291; x_wconf 90' lang='lat' dir='ltr'><strong>uincendus</strong></span> <span class='ocrx_word' id='word_1_142' title='bbox 533 2227 645 2290; x_wconf 89' lang='lat' dir='ltr'><strong>fideret</strong></span> <span class='ocrx_word' id='word_1_143' title='bbox 674 2230 705 2290; x_wconf 87' lang='lat' dir='ltr'><strong>et</strong></span> <span class='ocrx_word' id='word_1_144' title='bbox 731 2230 937 2309; x_wconf 87' lang='lat' dir='ltr'><strong>superaturus</strong></span> <span class='ocrx_word' id='word_1_145' title='bbox 959 2227 1098 2291; x_wconf 86' lang='lat' dir='ltr'><strong>timeret.</strong></span> 
     </span>
     <span class='ocr_line' id='line_1_23' title="bbox 193 2309 1099 2395; baseline 0.001 -22"><span class='ocrx_word' id='word_1_146' title='bbox 193 2309 295 2374; x_wconf 90' lang='lat' dir='ltr'>XXV.</span> <span class='ocrx_word' id='word_1_147' title='bbox 326 2309 409 2385; x_wconf 77' lang='lat' dir='ltr'><strong>Quid</strong></span> <span class='ocrx_word' id='word_1_148' title='bbox 431 2331 492 2394; x_wconf 88' lang='lat' dir='ltr'><strong>ego</strong></span> <span class='ocrx_word' id='word_1_149' title='bbox 510 2311 647 2374; x_wconf 86' lang='lat' dir='ltr'><strong>referam</strong></span> <span class='ocrx_word' id='word_1_150' title='bbox 662 2313 735 2393; x_wconf 90' lang='lat' dir='ltr'><strong>post</strong></span> <span class='ocrx_word' id='word_1_151' title='bbox 748 2313 873 2374; x_wconf 86' lang='lat' dir='ltr'><strong>tantam</strong></span> <span class='ocrx_word' id='word_1_152' title='bbox 896 2315 928 2374; x_wconf 87' lang='lat' dir='ltr'><strong>et</strong></span> <span class='ocrx_word' id='word_1_153' title='bbox 943 2313 1009 2375; x_wconf 91' lang='lat' dir='ltr'><strong>tam</strong></span> <span class='ocrx_word' id='word_1_154' title='bbox 1027 2332 1099 2395; x_wconf 87' lang='lat' dir='ltr'><strong>gra·</strong></span> 
     </span>
     <span class='ocr_line' id='line_1_24' title="bbox 130 2393 1138 2480; baseline -0.001 -22"><span class='ocrx_word' id='word_1_155' title='bbox 130 2415 203 2459; x_wconf 90' lang='lat' dir='ltr'><strong>uem</strong></span> <span class='ocrx_word' id='word_1_156' title='bbox 224 2416 368 2478; x_wconf 87' lang='lat' dir='ltr'><strong>pugnam</strong></span> <span class='ocrx_word' id='word_1_157' title='bbox 391 2393 477 2478; x_wconf 91' lang='lat' dir='ltr'><strong>quod</strong></span> <span class='ocrx_word' id='word_1_158' title='bbox 498 2397 576 2477; x_wconf 88' lang='lat' dir='ltr'><strong>aput</strong></span> <span class='ocrx_word' id='word_1_159' title='bbox 592 2393 735 2457; x_wconf 87' lang='lat' dir='ltr'><strong>Brixiam</strong></span> <span class='ocrx_word' id='word_1_160' title='bbox 757 2415 894 2478; x_wconf 85' lang='lat' dir='ltr'><strong>magnus</strong></span> <span class='ocrx_word' id='word_1_161' title='bbox 917 2393 1045 2480; x_wconf 90' lang='lat' dir='ltr'><strong>quidem</strong></span> <span class='ocrx_word' id='word_1_162' title='bbox 1068 2398 1138 2458; x_wconf 75' lang='lat' dir='ltr'><strong>eta</strong></span> 
     </span>
     <span class='ocr_line' id='line_1_25' title="bbox 130 2478 1099 2564; baseline 0.001 -22"><span class='ocrx_word' id='word_1_163' title='bbox 130 2499 202 2543; x_wconf 85' lang='lat' dir='ltr'><strong>acer</strong></span> <span class='ocrx_word' id='word_1_164' title='bbox 221 2479 390 2562; x_wconf 87' lang='lat' dir='ltr'><strong>equitatus,</strong></span> <span class='ocrx_word' id='word_1_165' title='bbox 415 2479 467 2542; x_wconf 90' lang='lat' dir='ltr'><strong>sed</strong></span> <span class='ocrx_word' id='word_1_166' title='bbox 483 2478 563 2562; x_wconf 83' lang='lat' dir='ltr'><strong>fuga</strong></span> <span class='ocrx_word' id='word_1_167' title='bbox 577 2499 674 2562; x_wconf 86' lang='lat' dir='ltr'><strong>quam</strong></span> <span class='ocrx_word' id='word_1_168' title='bbox 690 2478 724 2542; x_wconf 95' lang='lat' dir='ltr'><strong>ui</strong></span> <span class='ocrx_word' id='word_1_169' title='bbox 739 2499 796 2542; x_wconf 90' lang='lat' dir='ltr'><strong>sua</strong></span> <span class='ocrx_word' id='word_1_170' title='bbox 809 2479 908 2543; x_wconf 89' lang='lat' dir='ltr'><strong>tutior</strong></span> <span class='ocrx_word' id='word_1_171' title='bbox 925 2479 978 2564; x_wconf 88' lang='lat' dir='ltr'><strong>[et]</strong></span> <span class='ocrx_word' id='word_1_172' title='bbox 995 2479 1099 2563; x_wconf 90' lang='lat' dir='ltr'><strong>primo</strong></span> 
     </span>
     <span class='ocr_line' id='line_1_26' title="bbox 131 2561 1099 2647; baseline 0.002 -21"><span class='ocrx_word' id='word_1_173' title='bbox 131 2563 253 2646; x_wconf 88' lang='lat' dir='ltr'><strong>impetu</strong></span> <span class='ocrx_word' id='word_1_174' title='bbox 268 2568 324 2627; x_wconf 89' lang='lat' dir='ltr'><strong>tuo</strong></span> <span class='ocrx_word' id='word_1_175' title='bbox 340 2563 450 2647; x_wconf 87' lang='lat' dir='ltr'><strong>pulsus</strong></span> <span class='ocrx_word' id='word_1_176' title='bbox 460 2561 625 2627; x_wconf 85' lang='lat' dir='ltr'><strong>Ueronam</strong></span> <span class='ocrx_word' id='word_1_177' title='bbox 646 2584 745 2645; x_wconf 90' lang='lat' dir='ltr'><strong>usque</strong></span> <span class='ocrx_word' id='word_1_178' title='bbox 766 2561 932 2628; x_wconf 84' lang='lat' dir='ltr'><strong>contendit</strong></span> <span class='ocrx_word' id='word_1_179' title='bbox 953 2563 993 2626; x_wconf 90' lang='lat' dir='ltr'><strong>ad</strong></span> <span class='ocrx_word' id='word_1_180' title='bbox 1008 2585 1099 2647; x_wconf 87' lang='lat' dir='ltr'><strong>prae·</strong></span> 
     </span>
     <span class='ocr_line' id='line_1_27' title="bbox 131 2645 1101 2731; baseline 0.001 -20"><span class='ocrx_word' id='word_1_181' title='bbox 131 2647 213 2711; x_wconf 88' lang='lat' dir='ltr'><strong>sidia</strong></span> <span class='ocrx_word' id='word_1_182' title='bbox 235 2645 381 2712; x_wconf 80' lang='lat' dir='ltr'><strong>maiora?</strong></span> <span class='ocrx_word' id='word_1_183' title='bbox 408 2669 511 2731; x_wconf 91' lang='lat' dir='ltr'><strong>neque</strong></span> <span class='ocrx_word' id='word_1_184' title='bbox 533 2647 566 2710; x_wconf 91' lang='lat' dir='ltr'><strong>id</strong></span> <span class='ocrx_word' id='word_1_185' title='bbox 589 2647 734 2711; x_wconf 85' lang='lat' dir='ltr'><strong>dedecori</strong></span> <span class='ocrx_word' id='word_1_186' title='bbox 754 2647 828 2730; x_wconf 91' lang='lat' dir='ltr'><strong>fuit,</strong></span> <span class='ocrx_word' id='word_1_187' title='bbox 849 2647 934 2731; x_wconf 91' lang='lat' dir='ltr'><strong>quod</strong></span> <span class='ocrx_word' id='word_1_188' title='bbox 957 2649 1101 2712; x_wconf 82' lang='lat' dir='ltr'><strong>excusati</strong></span> 
     </span>
     <span class='ocr_line' id='line_1_28' title="bbox 130 2730 1100 2815; baseline 0 -20"><span class='ocrx_word' id='word_1_189' title='bbox 130 2731 263 2815; x_wconf 87' lang='lat' dir='ltr'><strong>fugiunt</strong></span> <span class='ocrx_word' id='word_1_190' title='bbox 290 2733 344 2814; x_wconf 91' lang='lat' dir='ltr'><strong>qui</strong></span> <span class='ocrx_word' id='word_1_191' title='bbox 366 2732 425 2795; x_wconf 89' lang='lat' dir='ltr'><strong>tibi</strong></span> <span class='ocrx_word' id='word_1_192' title='bbox 448 2731 576 2795; x_wconf 86' lang='lat' dir='ltr'><strong>cedunt.</strong></span> <span class='ocrx_word' id='word_1_193' title='bbox 623 2730 793 2814; x_wconf 86' lang='lat' dir='ltr'><strong>contingat</strong></span> <span class='ocrx_word' id='word_1_194' title='bbox 814 2733 892 2814; x_wconf 89' lang='lat' dir='ltr'><strong>quin</strong></span> <span class='ocrx_word' id='word_1_195' title='bbox 920 2732 1018 2795; x_wconf 90' lang='lat' dir='ltr'><strong>immo</strong></span> <span class='ocrx_word' id='word_1_196' title='bbox 1042 2732 1100 2795; x_wconf 90' lang='lat' dir='ltr'><strong>mi·</strong></span> 
     </span>
    </p>
   </div>
   <div class='ocr_carea' id='block_1_5' title="bbox 130 2931 1101 3470">
    <p class='ocr_par' dir='ltr' id='par_1_5' title="bbox 130 2931 1101 3470">
     <span class='ocr_line' id='line_1_29' title="bbox 201 2931 1098 2997; baseline 0.004 -16"><span class='ocrx_word' id='word_1_197' title='bbox 201 2934 214 2981; x_wconf 92' lang='lat'>1</span> <span class='ocrx_word' id='word_1_198' title='bbox 229 2932 323 2982; x_wconf 77' lang='lat' dir='ltr'><strong>hostes</strong></span> <span class='ocrx_word' id='word_1_199' title='bbox 336 2935 357 2983; x_wconf 74' lang='lat' dir='ltr'>B</span> <span class='ocrx_word' id='word_1_200' title='bbox 369 2935 402 2981; x_wconf 81' lang='lat' dir='ltr'><strong>W</strong></span> <span class='ocrx_word' id='word_1_201' title='bbox 419 2932 561 2982; x_wconf 71' lang='lat' dir='ltr'><strong>hostemv</strong></span> <span class='ocrx_word' id='word_1_202' title='bbox 578 2931 607 2982; x_wconf 90' lang='lat' dir='ltr'><strong>in</strong></span> <span class='ocrx_word' id='word_1_203' title='bbox 624 2931 748 2982; x_wconf 67' lang='lat' dir='ltr'><strong>hortere</strong></span> <span class='ocrx_word' id='word_1_204' title='bbox 764 2932 769 2997; x_wconf 93' lang='grc' dir='ltr'>Ι</span> <span class='ocrx_word' id='word_1_205' title='bbox 784 2933 965 2984; x_wconf 81' lang='lat' dir='ltr'><strong>ludificandos</strong></span> <span class='ocrx_word' id='word_1_206' title='bbox 977 2935 1012 2995; x_wconf 78' lang='lat'><strong>1,</strong></span> <span class='ocrx_word' id='word_1_207' title='bbox 1030 2949 1098 2985; x_wconf 82' lang='lat' dir='ltr'><strong>corr.</strong></span> 
     </span>
     <span class='ocr_line' id='line_1_30' title="bbox 131 2997 1100 3066; baseline -0.001 -15"><span class='ocrx_word' id='word_1_208' title='bbox 131 3001 266 3051; x_wconf 72' lang='lat' dir='ltr'><strong>Acidaliae</strong></span> <span class='ocrx_word' id='word_1_209' title='bbox 282 2997 293 3064; x_wconf 72' lang='grc' dir='ltr'>Ι</span> <span class='ocrx_word' id='word_1_210' title='bbox 313 3003 329 3051; x_wconf 83' lang='grc'><strong>3</strong></span> <span class='ocrx_word' id='word_1_211' title='bbox 349 2999 453 3050; x_wconf 88' lang='lat' dir='ltr'><strong>erader.</strong></span> <span class='ocrx_word' id='word_1_212' title='bbox 471 3001 493 3048; x_wconf 80' lang='grc' dir='ltr'><strong>Δ</strong></span> <span class='ocrx_word' id='word_1_213' title='bbox 510 2998 520 3065; x_wconf 91' lang='grc' dir='ltr'><strong>ΙΙ</strong></span> <span class='ocrx_word' id='word_1_214' title='bbox 541 3001 556 3049; x_wconf 87' lang='grc'><strong>6</strong></span> <span class='ocrx_word' id='word_1_215' title='bbox 576 2999 713 3049; x_wconf 87' lang='lat' dir='ltr'><strong>credendo</strong></span> <span class='ocrx_word' id='word_1_216' title='bbox 731 3002 753 3049; x_wconf 80' lang='grc' dir='ltr'><strong>Δ</strong></span> <span class='ocrx_word' id='word_1_217' title='bbox 773 2997 783 3065; x_wconf 87' lang='grc' dir='ltr'><strong>ΙΙ</strong></span> <span class='ocrx_word' id='word_1_218' title='bbox 805 3004 819 3054; x_wconf 68' lang='lat' dir='ltr'><strong>t</strong></span> <span class='ocrx_word' id='word_1_219' title='bbox 839 2999 982 3066; x_wconf 82' lang='lat' dir='ltr'><strong>applicate</strong></span> <span class='ocrx_word' id='word_1_220' title='bbox 1000 3014 1037 3052; x_wconf 79' lang='lat' dir='ltr'><strong>w:</strong></span> <span class='ocrx_word' id='word_1_221' title='bbox 1057 3001 1100 3050; x_wconf 76' lang='lat' dir='ltr'><strong>af-</strong></span> 
     </span>
     <span class='ocr_line' id='line_1_31' title="bbox 130 3065 1099 3134; baseline 0.002 -16"><span class='ocrx_word' id='word_1_222' title='bbox 130 3068 225 3118; x_wconf 85' lang='lat' dir='ltr'><strong>flicate</strong></span> <span class='ocrx_word' id='word_1_223' title='bbox 243 3069 270 3116; x_wconf 71' lang='lat' dir='ltr'>H</span> <span class='ocrx_word' id='word_1_224' title='bbox 289 3069 441 3118; x_wconf 77' lang='lat' dir='ltr'><strong>afflictatae</strong></span> <span class='ocrx_word' id='word_1_225' title='bbox 460 3067 534 3119; x_wconf 77' lang='lat' dir='ltr'><strong>Bm.</strong></span> <span class='ocrx_word' id='word_1_226' title='bbox 556 3065 566 3132; x_wconf 83' lang='grc' dir='ltr'><strong>ΙΙ</strong></span> <span class='ocrx_word' id='word_1_227' title='bbox 590 3068 606 3116; x_wconf 88' lang='lat'>8</span> <span class='ocrx_word' id='word_1_228' title='bbox 624 3067 859 3131; x_wconf 80' lang='lat' dir='ltr'><strong>perturbarerunt</strong></span> <span class='ocrx_word' id='word_1_229' title='bbox 875 3070 900 3117; x_wconf 75' lang='grc' dir='ltr'><strong>Α</strong></span> <span class='ocrx_word' id='word_1_230' title='bbox 918 3065 929 3134; x_wconf 87' lang='grc'><strong>11</strong></span> <span class='ocrx_word' id='word_1_231' title='bbox 952 3071 968 3119; x_wconf 85' lang='grc'>9</span> <span class='ocrx_word' id='word_1_232' title='bbox 987 3068 1099 3120; x_wconf 80' lang='lat' dir='ltr'><strong>reclinis</strong></span> 
     </span>
     <span class='ocr_line' id='line_1_32' title="bbox 130 3133 1099 3200; baseline 0 -16"><span class='ocrx_word' id='word_1_233' title='bbox 130 3137 153 3184; x_wconf 77' lang='grc' dir='ltr'><strong>Δ</strong></span> <span class='ocrx_word' id='word_1_234' title='bbox 171 3150 233 3186; x_wconf 83' lang='lat' dir='ltr'><strong>-ues</strong></span> <span class='ocrx_word' id='word_1_235' title='bbox 250 3136 301 3185; x_wconf 79' lang='lat' dir='ltr'><strong>Bc</strong></span> <span class='ocrx_word' id='word_1_236' title='bbox 319 3152 380 3187; x_wconf 74' lang='lat' dir='ltr'><strong>mes</strong></span> <span class='ocrx_word' id='word_1_237' title='bbox 399 3137 422 3184; x_wconf 80' lang='lat' dir='ltr'>V</span> <span class='ocrx_word' id='word_1_238' title='bbox 433 3136 467 3183; x_wconf 78' lang='lat' dir='ltr'>W</span> <span class='ocrx_word' id='word_1_239' title='bbox 486 3133 497 3200; x_wconf 77' lang='grc' dir='ltr'><strong>ΙΙ</strong></span> <span class='ocrx_word' id='word_1_240' title='bbox 519 3137 550 3184; x_wconf 78' lang='lat'><strong>12</strong></span> <span class='ocrx_word' id='word_1_241' title='bbox 568 3135 691 3186; x_wconf 83' lang='lat' dir='ltr'><strong>omnibus</strong></span> <span class='ocrx_word' id='word_1_242' title='bbox 709 3133 801 3185; x_wconf 76' lang='lat' dir='ltr'><strong>Bert:</strong></span> <span class='ocrx_word' id='word_1_243' title='bbox 819 3151 866 3186; x_wconf 86' lang='lat' dir='ltr'><strong>om.</strong></span> <span class='ocrx_word' id='word_1_244' title='bbox 884 3137 911 3186; x_wconf 79' lang='lat'>1</span> <span class='ocrx_word' id='word_1_245' title='bbox 931 3133 941 3200; x_wconf 83' lang='grc' dir='ltr'><strong>ΙΙ</strong></span> <span class='ocrx_word' id='word_1_246' title='bbox 963 3138 996 3187; x_wconf 85' lang='grc'><strong>13</strong></span> <span class='ocrx_word' id='word_1_247' title='bbox 1014 3136 1099 3187; x_wconf 86' lang='lat' dir='ltr'><strong>hosti·</strong></span> 
     </span>
     <span class='ocr_line' id='line_1_33' title="bbox 130 3199 1097 3270; baseline -0.001 -15"><span class='ocrx_word' id='word_1_248' title='bbox 130 3205 182 3255; x_wconf 90' lang='lat' dir='ltr'><strong>bus</strong></span> <span class='ocrx_word' id='word_1_249' title='bbox 198 3205 307 3268; x_wconf 72' lang='lat' dir='ltr'><strong>scripsi:</strong></span> <span class='ocrx_word' id='word_1_250' title='bbox 325 3203 451 3254; x_wconf 82' lang='lat' dir='ltr'><strong>omnibus</strong></span> <span class='ocrx_word' id='word_1_251' title='bbox 469 3205 496 3252; x_wconf 71' lang='lat' dir='ltr'>H</span> <span class='ocrx_word' id='word_1_252' title='bbox 514 3200 608 3266; x_wconf 74' lang='lat' dir='ltr'><strong>(Bora,</strong></span> <span class='ocrx_word' id='word_1_253' title='bbox 627 3210 654 3252; x_wconf 82' lang='lat' dir='ltr'><strong>ac</strong></span> <span class='ocrx_word' id='word_1_254' title='bbox 671 3199 763 3268; x_wconf 62' lang='grc' dir='ltr'><strong>ΜΗ</strong></span> <span class='ocrx_word' id='word_1_255' title='bbox 787 3205 818 3253; x_wconf 84' lang='grc'><strong>16</strong></span> <span class='ocrx_word' id='word_1_256' title='bbox 836 3203 972 3255; x_wconf 82' lang='lat' dir='ltr'><strong>Antonius</strong></span> <span class='ocrx_word' id='word_1_257' title='bbox 990 3204 1023 3253; x_wconf 82' lang='lat' dir='ltr'>W</span> <span class='ocrx_word' id='word_1_258' title='bbox 1040 3218 1066 3254; x_wconf 82' lang='lat' dir='ltr'><strong>m</strong></span> <span class='ocrx_word' id='word_1_259' title='bbox 1084 3201 1097 3270; x_wconf 76' lang='grc' dir='ltr'><strong>ΙΙ</strong></span> 
     </span>
     <span class='ocr_line' id='line_1_34' title="bbox 133 3267 1100 3338; baseline 0.002 -18"><span class='ocrx_word' id='word_1_260' title='bbox 133 3272 164 3321; x_wconf 80' lang='grc'><strong>17</strong></span> <span class='ocrx_word' id='word_1_261' title='bbox 182 3270 313 3321; x_wconf 79' lang='lat' dir='ltr'><strong>aduersus</strong></span> <span class='ocrx_word' id='word_1_262' title='bbox 329 3273 363 3320; x_wconf 75' lang='lat' dir='ltr'><strong>W</strong></span> <span class='ocrx_word' id='word_1_263' title='bbox 379 3269 390 3335; x_wconf 90' lang='grc' dir='ltr'><strong>ΙΙ</strong></span> <span class='ocrx_word' id='word_1_264' title='bbox 410 3273 441 3321; x_wconf 83' lang='grc'><strong>19</strong></span> <span class='ocrx_word' id='word_1_265' title='bbox 460 3270 494 3319; x_wconf 84' lang='lat' dir='ltr'><strong>ad</strong></span> <span class='ocrx_word' id='word_1_266' title='bbox 512 3285 559 3320; x_wconf 87' lang='lat' dir='ltr'><strong>om.</strong></span> <span class='ocrx_word' id='word_1_267' title='bbox 572 3272 595 3318; x_wconf 76' lang='lat' dir='ltr'>A</span> <span class='ocrx_word' id='word_1_268' title='bbox 611 3267 621 3335; x_wconf 72' lang='lat' dir='ltr'>ss</span> <span class='ocrx_word' id='word_1_269' title='bbox 638 3272 672 3322; x_wconf 75' lang='lat'><strong>23</strong></span> <span class='ocrx_word' id='word_1_270' title='bbox 689 3274 745 3320; x_wconf 87' lang='lat' dir='ltr'><strong>iam</strong></span> <span class='ocrx_word' id='word_1_271' title='bbox 762 3286 824 3335; x_wconf 76' lang='lat' dir='ltr'><strong>epo:</strong></span> <span class='ocrx_word' id='word_1_272' title='bbox 842 3287 902 3322; x_wconf 84' lang='lat' dir='ltr'><strong>eam</strong></span> <span class='ocrx_word' id='word_1_273' title='bbox 919 3271 946 3320; x_wconf 80' lang='lat'>1</span> <span class='ocrx_word' id='word_1_274' title='bbox 961 3269 965 3334; x_wconf 85' lang='grc' dir='ltr'>Ι</span> <span class='ocrx_word' id='word_1_275' title='bbox 982 3276 1010 3322; x_wconf 86' lang='lat' dir='ltr'><strong>et</strong></span> <span class='ocrx_word' id='word_1_276' title='bbox 1025 3274 1100 3338; x_wconf 68' lang='lat' dir='ltr'><strong>prius</strong></span> 
     </span>
     <span class='ocr_line' id='line_1_35' title="bbox 130 3334 1101 3404; baseline 0.002 -18"><span class='ocrx_word' id='word_1_277' title='bbox 130 3339 153 3386; x_wconf 76' lang='grc' dir='ltr'><strong>Δ</strong></span> <span class='ocrx_word' id='word_1_278' title='bbox 170 3337 263 3388; x_wconf 65' lang='lat' dir='ltr'><strong>Bere.-</strong></span> <span class='ocrx_word' id='word_1_279' title='bbox 284 3353 330 3388; x_wconf 89' lang='lat' dir='ltr'><strong>om.</strong></span> <span class='ocrx_word' id='word_1_280' title='bbox 348 3338 369 3388; x_wconf 77' lang='lat' dir='ltr'>B</span> <span class='ocrx_word' id='word_1_281' title='bbox 387 3340 405 3388; x_wconf 77' lang='grc'><strong>0</strong></span> <span class='ocrx_word' id='word_1_282' title='bbox 421 3339 445 3386; x_wconf 79' lang='lat' dir='ltr'>V</span> <span class='ocrx_word' id='word_1_283' title='bbox 461 3338 494 3387; x_wconf 82' lang='lat' dir='ltr'>W</span> <span class='ocrx_word' id='word_1_284' title='bbox 517 3335 529 3402; x_wconf 76' lang='lat' dir='ltr'><strong>l</strong></span> <span class='ocrx_word' id='word_1_285' title='bbox 551 3339 585 3390; x_wconf 76' lang='lat'><strong>24</strong></span> <span class='ocrx_word' id='word_1_286' title='bbox 602 3353 669 3403; x_wconf 80' lang='lat' dir='ltr'><strong>ergo</strong></span> <span class='ocrx_word' id='word_1_287' title='bbox 687 3340 704 3386; x_wconf 78' lang='grc' dir='ltr'><strong><em>ὓ</em></strong></span> <span class='ocrx_word' id='word_1_288' title='bbox 728 3334 738 3402; x_wconf 74' lang='lat' dir='ltr'><strong>ll</strong></span> <span class='ocrx_word' id='word_1_289' title='bbox 761 3340 795 3390; x_wconf 80' lang='lat'><strong>25</strong></span> <span class='ocrx_word' id='word_1_290' title='bbox 814 3338 886 3402; x_wconf 88' lang='lat' dir='ltr'><strong>quod</strong></span> <span class='ocrx_word' id='word_1_291' title='bbox 904 3354 966 3390; x_wconf 89' lang='lat' dir='ltr'><strong>eum</strong></span> <span class='ocrx_word' id='word_1_292' title='bbox 983 3339 1056 3404; x_wconf 77' lang='lat' dir='ltr'><strong>apud</strong></span> <span class='ocrx_word' id='word_1_293' title='bbox 1074 3353 1101 3388; x_wconf 74' lang='lat' dir='ltr'>v</span> 
     </span>
     <span class='ocr_line' id='line_1_36' title="bbox 132 3403 1100 3470; baseline 0.001 -15"><span class='ocrx_word' id='word_1_294' title='bbox 132 3403 136 3469; x_wconf 79' lang='grc' dir='ltr'>Ι</span> <span class='ocrx_word' id='word_1_295' title='bbox 156 3406 266 3469; x_wconf 82' lang='lat' dir='ltr'><strong>quidam</strong></span> <span class='ocrx_word' id='word_1_296' title='bbox 285 3408 326 3466; x_wconf 78' lang='lat'><strong>1,</strong></span> <span class='ocrx_word' id='word_1_297' title='bbox 343 3422 412 3458; x_wconf 81' lang='lat' dir='ltr'><strong>corr.</strong></span> <span class='ocrx_word' id='word_1_298' title='bbox 429 3407 562 3457; x_wconf 73' lang='lat' dir='ltr'><strong>Liuineius</strong></span> <span class='ocrx_word' id='word_1_299' title='bbox 588 3403 599 3470; x_wconf 73' lang='lat' dir='ltr'><strong>ll</strong></span> <span class='ocrx_word' id='word_1_300' title='bbox 627 3406 661 3456; x_wconf 77' lang='lat'><strong>26</strong></span> <span class='ocrx_word' id='word_1_301' title='bbox 678 3405 728 3456; x_wconf 85' lang='lat' dir='ltr'><strong>sed</strong></span> <span class='ocrx_word' id='word_1_302' title='bbox 745 3407 825 3458; x_wconf 80' lang='lat' dir='ltr'><strong>idem:</strong></span> <span class='ocrx_word' id='word_1_303' title='bbox 842 3414 913 3457; x_wconf 85' lang='lat' dir='ltr'><strong>esset</strong></span> <span class='ocrx_word' id='word_1_304' title='bbox 930 3409 958 3456; x_wconf 79' lang='lat'>1</span> <span class='ocrx_word' id='word_1_305' title='bbox 977 3407 981 3466; x_wconf 97' lang='grc' dir='ltr'>Ι</span> <span class='ocrx_word' id='word_1_306' title='bbox 1001 3407 1031 3458; x_wconf 84' lang='lat' dir='ltr'><strong>ui</strong></span> <span class='ocrx_word' id='word_1_307' title='bbox 1049 3422 1100 3457; x_wconf 79' lang='lat' dir='ltr'><strong>sna</strong></span> 
     </span>
    </p>
   </div>
   <div class='ocr_carea' id='block_1_6' title="bbox 129 3471 1098 3606">
    <p class='ocr_par' dir='ltr' id='par_1_6' title="bbox 129 3471 1098 3606">
     <span class='ocr_line' id='line_1_37' title="bbox 130 3471 1098 3541; baseline 0.002 -19"><span class='ocrx_word' id='word_1_308' title='bbox 130 3472 216 3523; x_wconf 72' lang='lat' dir='ltr'><strong>rufior</strong></span> <span class='ocrx_word' id='word_1_309' title='bbox 238 3487 275 3521; x_wconf 69' lang='lat' dir='ltr'><strong>wc</strong></span> <span class='ocrx_word' id='word_1_310' title='bbox 303 3475 365 3524; x_wconf 85' lang='lat' dir='ltr'><strong>uisu</strong></span> <span class='ocrx_word' id='word_1_311' title='bbox 387 3476 505 3524; x_wconf 81' lang='lat' dir='ltr'><strong>astutior</strong></span> <span class='ocrx_word' id='word_1_312' title='bbox 528 3471 662 3538; x_wconf 82' lang='lat' dir='ltr'><strong>(astaeior</strong></span> <span class='ocrx_word' id='word_1_313' title='bbox 678 3474 711 3534; x_wconf 81' lang='grc' dir='ltr'><strong>Δ)</strong></span> <span class='ocrx_word' id='word_1_314' title='bbox 728 3473 755 3520; x_wconf 75' lang='lat' dir='ltr'><strong>u</strong></span> <span class='ocrx_word' id='word_1_315' title='bbox 782 3476 787 3539; x_wconf 83' lang='grc' dir='ltr'>Ι</span> <span class='ocrx_word' id='word_1_316' title='bbox 814 3481 841 3525; x_wconf 87' lang='lat' dir='ltr'><strong>et</strong></span> <span class='ocrx_word' id='word_1_317' title='bbox 859 3477 908 3526; x_wconf 83' lang='lat' dir='ltr'><strong>del.</strong></span> <span class='ocrx_word' id='word_1_318' title='bbox 926 3475 1054 3541; x_wconf 75' lang='lat' dir='ltr'><strong>Jueperur</strong></span> <span class='ocrx_word' id='word_1_319' title='bbox 1085 3471 1098 3538; x_wconf 74' lang='lat' dir='ltr'><strong>tl</strong></span> 
     </span>
     <span class='ocr_line' id='line_1_38' title="bbox 129 3537 754 3606; baseline 0.002 -17"><span class='ocrx_word' id='word_1_320' title='bbox 129 3541 162 3589; x_wconf 77' lang='lat'><strong>27</strong></span> <span class='ocrx_word' id='word_1_321' title='bbox 181 3540 298 3591; x_wconf 85' lang='lat' dir='ltr'><strong>tetendit</strong></span> <span class='ocrx_word' id='word_1_322' title='bbox 315 3547 344 3591; x_wconf 88' lang='lat' dir='ltr'><strong>at</strong></span> <span class='ocrx_word' id='word_1_323' title='bbox 362 3556 434 3606; x_wconf 84' lang='lat' dir='ltr'><strong>pres.</strong></span> <span class='ocrx_word' id='word_1_324' title='bbox 452 3543 475 3590; x_wconf 77' lang='grc' dir='ltr'><strong>Δ</strong></span> <span class='ocrx_word' id='word_1_325' title='bbox 498 3537 508 3606; x_wconf 93' lang='grc' dir='ltr'><strong>ΙΙ</strong></span> <span class='ocrx_word' id='word_1_326' title='bbox 533 3543 566 3593; x_wconf 74' lang='lat'><strong>28</strong></span> <span class='ocrx_word' id='word_1_327' title='bbox 583 3537 623 3606; x_wconf 90' lang='lat' dir='ltr'><strong>id]</strong></span> <span class='ocrx_word' id='word_1_328' title='bbox 645 3540 714 3591; x_wconf 90' lang='lat' dir='ltr'><strong>illud</strong></span> <span class='ocrx_word' id='word_1_329' title='bbox 732 3543 754 3590; x_wconf 80' lang='grc' dir='ltr'><strong>Δ</strong></span> 
     </span>
    </p>
   </div>
   <div class='ocr_carea' id='block_1_7' title="bbox 0 0 1299 4000">
    <p class='ocr_par' dir='ltr' id='par_1_7' title="bbox 0 0 1299 4000">
     <span class='ocr_line' id='line_1_39' title="bbox 0 0 1299 4000; baseline 0 0"><span class='ocrx_word' id='word_1_330' title='bbox 0 0 1299 4000; x_wconf 95' lang='lat' dir='ltr'><strong> </strong></span> 
     </span>
    </p>
   </div>
  </div>
 </body>
</html>
