2578 4000
202 199 266 264 202
527 201 574 252 rx.
604 199 753 251 incessi
770 199 850 251 rau.

204 351 324 414 domini
344 349 393 414 sui
411 371 523 414 manus
538 351 644 414 tenuit
666 351 698 413 et
712 347 841 432 paratus
864 350 903 413 ad
919 351 1049 414 caedem
1065 353 1170 414 custos

202 437 308 498 faetus
330 442 378 498 est
401 434 441 498 ad
465 435 610 498 salutem.
639 455 778 518 magnus
796 438 901 518 poeta,
925 434 1000 498 dum
1016 435 1171 499 bellorum

203 523 272 583 toto
301 518 377 583 orbe
405 519 606 604 surgentium
634 518 810 582 discursum
838 522 1093 604 apparatumque
1122 521 1171 582 de·
1268 567 1269 570 η

204 603 317 668 scribit
339 606 389 668 ‘et
410 610 556 686 curuae',
582 603 703 687 inquit,
731 603 888 688 ‘rigidum
909 603 1010 668 falces
1033 605 1171 685 conflua·

179 693 256 753 ster
283 691 320 752 ia
346 694 476 754 easem'.
520 689 612 752 triste
639 688 791 752 nimirum
815 691 942 770 tempus
970 687 1067 771 illud,
1102 709 1172 752 cum

203 773 418 837 instrumenta
440 773 512 837 usui
528 773 685 856 peeudum
700 775 889 869 praeparata
909 773 943 835 in
967 772 1098 836 caedem
1118 772 1172 835 ho·

204 857 326 921 minum
349 860 558 922 uerterentur.
600 861 634 920 at
654 877 740 920 nunc
762 855 859 941 ngidi
882 856 931 919 illi
952 856 1171 941 mortiferique

204 962 373 1005 mucrones
402 941 436 1005 in
463 942 616 1005 salutaria
642 941 751 1005 uincla
779 942 952 1004 curuantur
976 943 1010 1004 et
1031 963 1172 1006 exarma-

204 1034 272 1089 tum
294 1024 458 1089 hominem
480 1047 547 1089 non
569 1026 773 1107 interimunt,
797 1024 852 1090 sed
875 1024 1060 1108 cohercent,
1090 1026 1172 1089 dedi·

167 1127 193 1166 10
205 1114 318 1192 tesque
338 1108 447 1174 hostes
468 1108 571 1195 gladii
596 1110 646 1173 sui
674 1108 777 1173 collisi
804 1110 996 1193 obtunsique
1017 1113 1172 1193 tutantur,

206 1193 364 1342 qUiilii
385 1194 1161 1364 ittelitsitientissimei

205 1384 315 1427 uersos
339 1363 469 1428 effectus
491 1363 624 1428 arbitrio
646 1367 702 1427 tuo
725 1364 880 1446 seruiunt,
902 1363 1087 1446 imperator.
1114 1364 1172 1427 tibi

206 1448 343 1512 uincunt
364 1448 475 1533 gladii,
499 1449 559 1512 tibi
581 1450 722 1531 seruant,
744 1451 777 1512 te
799 1451 965 1532 pugnante
986 1447 1120 1531 feriunt,
1141 1451 1172 1512 te

169 1533 395 1616 15ign0seente
418 1533 610 1597 custodiunt.
638 1536 676 1597 ut
694 1532 770 1597 deus
785 1532 841 1596 ille
863 1532 975 1597 mundi
997 1535 1121 1597 creator
1142 1536 1173 1596 et
1269 1599 1270 1606 ἶ

207 1617 356 1680 dominus
379 1617 489 1682 eodem
511 1617 646 1681 fulmine
668 1638 725 1681 suo
746 1638 834 1681 nunc
855 1617 976 1699 tristes,
1002 1639 1091 1681 nunc
1112 1616 1173 1680 lae·
1269 1629 1270 1644 ¹

205 1704 257 1766 tos
284 1701 416 1766 nuntios
438 1703 555 1766 mittit:
592 1703 639 1766 ita
662 1701 771 1766 eadem
799 1701 858 1766 sub
879 1701 1010 1766 numine
1032 1704 1089 1766 tuo
1111 1701 1174 1765 tela

206 1786 353 1850 inimicos
370 1789 426 1850 aut
441 1786 600 1870 supplices
614 1789 687 1852 tuos
702 1786 843 1870 pernicie
860 1790 916 1850 aut
931 1787 1173 1850 conseruatione

208 1869 402 1936 discernunt.
432 1871 589 1955 eripuisti,
612 1871 798 1955 imperator,
821 1870 1012 1936 aduersariis
1026 1872 1093 1936 tuis
1132 1870 1173 1936 la·
1269 1919 1270 1930 ,

169 1955 278 2020 20dios
300 1956 426 2040 nequis
446 1956 647 2022 incumberet
661 1956 770 2021 dolore
786 1956 960 2042 superanti,
983 1959 1033 2020 set
1048 1891 1132 2020 eosd

207 2040 273 2103 suis
295 2040 443 2104 manibus
465 2041 614 2104 innoxios
636 2039 802 2104 reddidisti
824 2042 861 2103 ut
883 2043 915 2104 et
933 2041 1122 2104 clementiae
1144 2046 1174 2102 et

206 2123 368 2187 uindictae
390 2127 465 2187 tuae
488 2123 702 2188 satisfaceres:
731 2143 867 2206 quorum
889 2124 1042 2208 sanguini
1063 2145 1174 2208 peper-

209 2227 310 2289 ceraS,
333 2228 421 2270 arma
441 2206 579 2291 fregisti.
616 2207 685 2271 uita
707 2209 794 2272 enim
816 2208 984 2294 hominum
1006 2208 1060 2272 diu
1081 2211 1175 2292 parta

209 2311 334 2374 semper
355 2291 513 2356 seruanda
535 2295 601 2375 est,
624 2293 652 2356 si
674 2293 784 2357 liceat:
812 2293 948 2374 ferrum,
972 2293 1111 2357 inuentu
1131 2293 1174 2356 fa·

169 2387 195 2428 25
208 2375 283 2456 eile,
312 2397 371 2439 usu
392 2376 546 2441 mutabile
567 2383 621 2442 est.
666 2377 738 2442 ideo
760 2399 839 2461 quae
868 2379 962 2442 erant
982 2377 1175 2461 reparabilia

1126 1967 1270 2019 em'

208 2459 367 2544 conflasti,
391 2460 476 2545 quod
496 2460 675 2536 rediuiuum
696 2483 763 2526 non
785 2465 855 2525 erat
876 2461 1057 2526 reseruasti
1101 2459 1175 2544 quid
1270 2511 1271 2516 1

209 2544 312 2606 simile
333 2545 373 2608 ad
388 2544 545 2608 laetitiam
559 2545 689 2610 fabulae
703 2546 833 2610 ferunt?
858 2567 1014 2610 conuersa
1033 2563 1106 2610 'esse
1120 2547 1175 2608 hu·
1270 2569 1271 2576 ¹

207 2649 303 2691 mana
318 2649 451 2711 corpora
465 2629 499 2694 in
512 2630 618 2693 fontes
634 2634 691 2694 aut
701 2631 838 2714 pecudes
854 2635 909 2696 aut
925 2652 1015 2695 aues:
1032 2630 1130 2694 foeda
1144 2632 1176 2694 et

209 2712 348 2797 degener
362 2713 436 2777 talis
457 2715 632 2779 conuersis
662 2715 788 2799 gladius
810 2719 953 2780 mutatus
974 2715 1009 2779 in
1024 2715 1175 2796 manicas,
1270 2781 1271 2790 ,

279 2922 292 2969 1
312 2925 405 2971 custos
423 2920 516 2970 faetus
536 2947 566 2958 —
585 2923 601 2970 6
619 2922 648 2971 in
666 2921 779 2972 caedem
798 2937 844 2971 om.
864 2921 886 2968 V
903 2917 913 2985 ΙΙ
935 2921 952 2969 4
970 2935 1018 2970 cur
1035 2935 1070 2970 ne
1089 2921 1125 2983 Δ;
1143 2920 1176 2982 es.

212 2989 288 3052 Uerg.
304 2987 395 3052 Georp.
411 2988 490 3038 1508
506 2985 511 3050 Ι
525 2989 679 3038 conflantur
695 2989 725 3037 in
742 3003 835 3038 ensem
853 2989 946 3048 011111,
964 2986 1105 3037 ialcestris
1117 2987 1176 3037 ted
1266 3004 1271 3024 2

209 3055 359 3118 falcestris,
377 3057 426 3106 del.
446 3059 483 3116 te,
502 3069 526 3103 w
544 3053 587 3120 1Ιὸ
605 3057 715 3105 nimium
728 3057 763 3114 Μ,
783 3053 994 3117 comwlillud
1011 3055 1177 3119 aperiensis
1270 3087 1271 3110 ξ

211 3119 224 3186 ΙΙ
249 3124 265 3171 6
282 3123 345 3172 usui
362 3137 423 3187 epo:
441 3123 481 3171 tui
498 3124 525 3171 1
543 3122 630 3175 cultui
648 3138 673 3172 w
693 3121 704 3188 ΙΙ
726 3125 757 3174 16
774 3123 884 3173 flumine
903 3125 920 3171 0
941 3119 952 3187 ΙΙ
976 3125 1007 3172 17
1025 3123 1067 3172 ita
1086 3127 1115 3172 et
1131 3117 1175 3184 Al

208 3189 319 3238 numine
338 3191 412 3239 edet:
430 3191 539 3240 nomine
558 3194 585 3241 1
605 3189 615 3257 ΙΙ
641 3193 672 3242 18
691 3197 753 3241 tuos
770 3191 858 3242 orm
880 3188 890 3256 ss
915 3192 946 3240 19
965 3190 1116 3253 imperator
1133 3204 1178 3238 om.

208 3256 285 3306 Bert.
303 3254 313 3320 ΙΙ
334 3259 367 3307 20
386 3258 528 3321 superanti
546 3263 590 3308 set
607 3261 716 3322 scripsi:
734 3259 876 3324 superasti
894 3263 923 3309 et
939 3258 968 3304 Ι
986 3261 1134 3322 superatus
1152 3262 1178 3304 et

210 3337 234 3371 w
251 3321 261 3387 ΙΙ
278 3324 309 3372 21
329 3325 455 3376 manibus
474 3326 532 3376 suis
550 3328 568 3374 0
585 3323 595 3390 ΙΙ
611 3329 644 3375 22
663 3329 798 3390 sanguine
816 3327 839 3375 Δ
855 3323 865 3390 ΙΙ
882 3327 915 3375 23
932 3324 992 3374 uita
1011 3327 1086 3376 edd:
1104 3323 1178 3372 11111

208 3396 241 3440 ut
258 3405 299 3441 en.
317 3390 389 3441 hcm.
408 3396 507 3442 natura
525 3390 573 3458 wll
589 3395 623 3442 24
640 3393 681 3442 sic
700 3395 799 3442 serrum
817 3406 842 3441 w
859 3391 869 3457 ΙΙ
887 3395 919 3443 26
938 3395 952 3441 ἓ
969 3394 1074 3442 addidi:
1092 3407 1140 3442 om.
1152 3390 1178 3437 1

211 3455 223 3522 Η
243 3458 416 3573 2613εὲ11411ῑὶ
427 3459 503 3509 Bert.
519 3458 524 3523 Ι
540 3459 606 3522 quid
623 3462 696 3510 edd„-
716 3462 761 3524 qui
774 3463 801 3510 1
820 3461 864 3509 cui
882 3473 906 3508 w
919 3457 929 3524 [Ι
941 3461 973 3509 27
992 3459 1027 3509 ad
1045 3459 1179 3509 laetitiam

209 3539 255 3575 om.
