2586 3996
306 210 518 266 0111111111
535 215 646 267 aomo
665 217 921 269 1111111101-1.
1033 214 1096 278 249

128 365 240 428 florem
264 363 404 446 corporis
426 365 624 446 peremisset.
670 367 705 428 at
726 364 761 428 in
783 366 956 430 uirtutibus
977 366 1096 448 prinoi-
1155 359 1157 365 ’

128 448 179 532 pis
207 449 310 512 nostri
339 451 460 530 quanto
488 451 575 512 aetas
603 449 770 533 prolixior,
799 453 890 514 tanto
904 449 1097 534 pulcritudo

128 531 353 616 praestantior.

192 615 248 681 VI.
277 615 373 680 Mitto
396 619 545 680 cunctam
561 618 741 681 barbariam
764 620 915 683 aduersus
937 619 1097 682 uindicem

128 701 290 766 Romanae
318 700 477 764 libertatis
511 702 546 765 111
577 723 666 765 arma
702 707 893 768 commotam
923 707 1122 787 gentesques

128 805 240 850 recens
259 785 361 849 uictas
385 785 554 849 aduersum
572 787 685 870 iugum
706 809 810 872 nuper
825 788 1009 872 impositum
1032 808 1097 851 cer-

129 870 199 934 uice
222 869 318 934 dubia
340 872 544 934 contumaces
569 872 656 935 etin
678 872 857 937 rediuiuum
879 873 1020 936 furorem
1043 892 1098 935 ne·

129 953 236 1019 fandis
259 954 396 1018 stimulis
420 956 584 1020 excitatas.
613 977 693 1039 quae
716 958 824 1021 omnia
846 958 1043 1022 obstinatam
1066 959 1098 1019 et

129 1039 325 1102 immobilem
350 1039 505 1123 principis
534 1041 664 1104 maximi
687 1041 817 1106 tandem
846 1044 951 1106 uicere
973 1041 1097 1125 patien-

129 1123 218 1186 tiam.
266 1124 373 1206 itaque
407 1145 479 1187 eum
515 1125 550 1188 in
583 1125 653 1208 ipso
691 1126 854 1190 molimine
887 1126 1098 1211 oppressisset
1111 1145 1136 1182 10

130 1208 357 1272 Alamanniam
385 1208 611 1290 rebellantem,
645 1211 700 1292 qui
727 1211 821 1293 paulo
850 1214 925 1274 ante
953 1209 1097 1273 inaudita

129 1294 297 1377 regionum
312 1292 482 1356 fluuiorum
502 1295 661 1356 montium
676 1296 808 1357 nomina
823 1295 962 1357 exercitu
977 1294 1099 1356 uictore

129 1379 374 1460 peragrauerat,
410 1398 468 1459 per
499 1377 612 1439 ultima
639 1377 779 1440 ferarum
808 1378 953 1461 gentium
986 1398 1097 1462 regna,

131 1461 254 1524 calcata
275 1481 388 1543 regum
414 1460 520 1542 capita
542 1461 763 1544 superuolans,
793 1463 828 1524 in
850 1462 955 1526 medio
977 1461 1098 1546 Illyrici

130 1545 204 1608 sinu
226 1545 416 1626 improuisus
439 1545 597 1627 apparuit.
629 1545 767 1610 uidimus
789 1546 898 1610 felices
920 1546 1005 1611 illius
1027 1545 1098 1624 uiae
1112 1564 1136 1603 15

130 1629 263 1693 comites
286 1632 460 1712 stupentes,
482 1629 607 1692 urbium
626 1630 762 1713 populos
785 1630 947 1695 dubitasse
971 1631 1098 1695 credere

130 1735 212 1798 quae
248 1713 411 1785 uidebant.
462 1734 529 1777 11011
566 1714 672 1796 aliter
702 1716 924 1779 consternatas
961 1716 1098 1779 arbitror

130 1802 245 1884 gentes
268 1819 348 1881 quae
363 1797 483 1881 primae
498 1797 623 1879 lapsum
640 1799 727 1862 caelo
742 1821 895 1882 excepere
908 1797 1097 1863 Palladium.

130 1883 275 1967 uirgines
292 1882 392 1964 pueri,
417 1885 483 1946 uiri
498 1882 647 1962 feminae,
670 1885 823 1949 tremulae
846 1907 936 1966 anus,
957 1884 1098 1947 tituban-

130 1971 179 2030 tes
203 1987 295 2030 senes
317 1987 384 2030 non
399 1966 468 2030 sine
483 1987 601 2051 magno
624 1968 755 2032 attoniti
770 1969 902 2033 horrore
924 1969 1136 2032 cernebantur

130 2053 354 2134 imperatorem
385 2052 516 2136 longam
549 2052 635 2116 uiam
668 2054 727 2117 sub
755 2055 903 2138 grauium
938 2074 1099 2117 armorum

131 2156 227 2200 onere
254 2139 449 2219 currentem,
480 2137 682 2220 properantis
706 2138 884 2203 anhelitum
912 2139 980 2202 sine
1003 2159 1099 2201 sensu

131 2221 329 2284 lassitudinis
362 2221 570 2303 crebriorem,
608 2222 760 2286 sudorum
792 2223 880 2286 riuos
913 2245 970 2306 per
1001 2222 1099 2286 fortia

132 2305 213 2368 colla
241 2308 408 2369 manantes
436 2309 470 2367 et
496 2305 581 2368 inter
607 2306 699 2370 illum
720 2308 861 2390 pulueris
889 2309 943 2390 qui
965 2307 1099 2370 barbam

132 2391 164 2452 et
201 2387 351 2471 capillum
388 2391 537 2452 onerarat
573 2388 738 2454 horrorem
777 2391 932 2455 micantia
969 2391 1098 2454 sidereis
1112 2408 1136 2447 25

130 2473 261 2557 ignibus
276 2472 407 2536 lumina.
437 2493 533 2536 uoces
553 2474 763 2557 gaudentium
786 2497 804 2539 0
828 2478 988 2560 presserat
1004 2475 1099 2538 mira-

132 2557 196 2620 culi
215 2557 413 2642 magnitudo.
443 2557 610 2622 cessabant
626 2559 733 2623 officia
749 2499 901 2624 laudandi
916 2561 988 2643 plus
1004 2581 1099 2643 quam

122 2642 293 2705 'laudanda
316 2643 531 2706 cernentibus.
826 2645 830 2653 '

195 2725 267 2790 VII.
313 2725 463 2791 Sufficere
492 2727 618 2809 quidem
645 2729 775 2808 poterat
800 2730 840 2791 ad
863 2727 1098 2810 expeditionem

130 2811 347 2893 praesentium
380 2809 583 2894 negotiorum
616 2813 682 2873 sola
709 2812 893 2894 properatio
900 2860 908 2892 ,
946 2811 1001 2876 sed
1033 2829 1137 2873 nonae

199 3067 216 3114 4
233 3065 351 3116 barbari
368 3066 391 3113 A
408 3063 418 3131 11
435 3067 450 3114 6
470 3079 568 3114 recens
586 3066 677 3116 uictas
690 3067 818 3131 Longius:
837 3068 1005 3116 recensuitas
1017 3066 1099 3115 ABV

129 3134 206 3185 Berl.
224 3135 377 3184 recensitas
395 3134 412 3182 (i
429 3133 598 3183 recenssitas
615 3147 641 3181 w
659 3131 664 3198 1
685 3140 713 3184 01
731 3134 875 3184 aduersum
893 3137 932 3195 m
952 3139 980 3184 et
997 3135 1037 3184 bie
1055 3136 1098 3184 dc-

128 3202 188 3252 leni.
220 3203 268 3250 sed
287 3201 349 3250 adu.
368 3202 499 3250 Liuineius
529 3198 538 3267 11
569 3204 583 3251 7
607 3208 635 3252 01
653 3202 808 3266 inscripsi:
834 3203 863 3251 in
881 3205 908 3251 li
937 3199 947 3267 ΙΙ
978 3204 1009 3252 10
1030 3203 1058 3251 111
1076 3203 1099 3250 A

129 3269 220 3319 aera:
239 3285 285 3318 001.
303 3270 324 3317 Β
342 3272 360 3318 c
378 3269 400 3316 V
416 3268 449 3317 W
470 3264 480 3333 ll
502 3271 534 3319 15
552 3271 616 3319 sinu
632 3271 667 3319 A:
687 3271 763 3320 sinus
782 3270 802 3317 B
821 3273 838 3319 11
856 3270 878 3316 V
896 3272 928 3319 W
948 3269 953 3334 Ι
973 3269 1034 3318 uiae
1054 3285 1097 3320 co-

128 3335 211 3387 mites
228 3337 252 3384 A
269 3335 358 3387 80111
385 3338 499 3386 comites
521 3337 583 3388 uiae
606 3339 626 3386 B
645 3339 662 3387 c
680 3337 703 3386 V
721 3338 753 3385 W
782 3334 792 3402 ΙΙ
824 3340 854 3388 18
876 3339 982 3403 primae
1005 3337 1098 3402 Cusp:

128 3405 258 3470 primoli
275 3403 461 3469 prolapsumg
478 3402 488 3469 ΙΙ
506 3405 537 3454 19
555 3403 609 3454 uiri
627 3407 732 3456 addidi:
750 3403 862 3471 001111
879 3407 912 3456 22
931 3421 1013 3456 sensu
1025 3405 1047 3454 A
1060 3419 1096 3452 w:

128 3487 209 3588 {essu
227 3479 286 3522 cett.
304 3469 314 3537 ΙΙ
335 3474 368 3522 26
387 3471 513 3522 miraculi
531 3487 578 3524 om,
598 3472 620 3521 A
637 3471 647 3539 ΙΙ
668 3475 700 3523 29
720 3477 830 3538 poterat
849 3478 939 3538 01110,
958 3475 1023 3523 unde
1043 3472 1098 3521 suf-

151 3543 227 3590 ceret
243 3542 301 3592 edd.
