2578 4000
237 162 297 228 m
554 119 960 214 vrmosirrrenu.¹

297 313 337 378 X.
372 311 434 378 Sed
455 311 600 396 profecto
623 313 730 398 exegit
752 311 814 378 boc
835 313 907 397 ipsa
928 312 1068 377 uarietas
1092 314 1127 375 et
1149 333 1210 376 na·

234 401 308 462 tura
332 401 498 481 fortunae,
528 399 578 495 cui
605 397 687 495 nibil
715 397 1011 496 mutarelicuerat,
1040 395 1119 460 dum
1133 417 1212 494 ,uos

235 486 580 632 ittitttttttli
597 480 715 650 lidia
730 484 1214 652 tltitttlttmrttnttt

210 653 269 717 odi
294 654 491 718 immortales
518 652 654 736 probare
682 650 854 716 uoluerunt
879 652 938 716 tibi
966 651 1116 716 innixam
1146 655 1214 715 ste·

235 738 313 802 tissa
340 738 607 822 rempublicam,
638 758 710 801 curn
738 736 861 801 sinete
890 740 974 801 stare
996 757 1064 800 non
1086 739 1212 819 posset.

236 843 430 906 quamquam
457 823 493 886 in
513 823 584 886 istis
606 821 734 905 quidem
756 821 900 905 partibus
924 842 992 885 non
1015 821 1121 886 caruit
1143 823 1211 904 pri-

236 907 322 971 stina
337 909 499 990 firmitate,
521 907 567 972 ibi
588 927 665 970 uero
687 928 788 989 paene
807 906 953 971 funditus
977 905 1100 970 corruit
1121 905 1214 968 unde

236 995 282 1074 tu,
305 991 508 1073 Maximiane,
531 993 722 1056 decessores.
766 991 844 1055 adeo
867 991 934 1056 illic
955 990 1132 1074 plurimum
1154 990 1215 1053 ba-

200 1097 224 1136 10
237 1075 351 1140 buerat
373 1075 557 1140 stabilitatis
580 1079 703 1140 asserta
724 1076 780 1139 ubi
802 1076 926 1140 deserta
947 1075 1087 1138 maxime
1109 1074 1214 1138 uacil-

237 1159 327 1226 lauit.
372 1182 439 1224 non
468 1160 562 1225 alitor
587 1162 674 1224 enim
695 1158 790 1245 quam
813 1160 893 1224 solet
914 1165 1000 1224 terra
1020 1160 1130 1223 uentis
1153 1163 1217 1224 ant

238 1245 329 1330 aquis
351 1248 460 1310 subter
474 1245 625 1310 immissis
646 1246 825 1310 interuulsa
840 1248 888 1310 sui
904 1245 1066 1310 soliditate
1082 1247 1216 1328 nutare,

238 1333 354 1396 cuncta
385 1329 480 1394 ltalia
516 1335 611 1415 atque
643 1331 714 1414 ipsa
745 1329 849 1394 Roma
884 1329 1039 1395 subducta
1072 1333 1216 1413 repente

238 1411 301 1499 qua
339 1418 516 1480 sustentata
549 1415 655 1479 fuerat
687 1415 819 1479 dextera
850 1419 907 1478 tua
944 1415 1142 1478 contremuit
1174 1435 1217 1478 ac

200 1519 225 1560 15
261 1521 339 1564 aene
362 1500 517 1564 consedit.
547 1501 632 1585 quod
654 1521 714 1584 ego
737 1499 854 1564 cursim
870 1503 1012 1564 transeo.
1042 1519 1099 1562 cur
1122 1499 1215 1564 enim

152 1600 155 1606 '
238 1522 314 1648 belh·
336 1585 539 1650 recordemur
561 1584 710 1666 aduersa,
741 1606 812 1649 cum
836 1585 999 1654 uideamus
1021 1583 1132 1647 omnia
1155 1588 1215 1647 tuo

144 1721 149 1724 .
238 1669 343 1734 reditu
370 1669 540 1734 restituta?
585 1669 675 1735 fecit·
690 1670 776 1734 enim
801 1669 902 1734 Roma
928 1669 998 1752 ipsa
1025 1689 1086 1752 pro
1113 1669 1215 1732 maie-

239 1757 322 1818 state
348 1756 488 1820 nominis
517 1756 566 1820 sui
594 1758 630 1818 ut
651 1754 835 1819 ostenderet
856 1775 950 1839 posse
972 1775 1006 1817 se
1029 1753 1131 1817 etiam
1152 1754 1215 1816 irn-

240 1840 440 1922 peratoribus
480 1841 647 1923 imperare.
698 1839 832 1903 abduxit
865 1841 1023 1903 exercitus
1059 1859 1136 1901 suos
1174 1857 1213 1900 ac

202 1943 227 1984 ao
239 1923 299 1987 tibi
322 1924 460 1988 reddidit
482 1926 529 2006 et,
553 1945 624 1988 cum
647 1925 688 1988 ad
710 1924 868 1990 sedandos
891 1923 1015 1988 animos
1038 1922 1212 1986 auctorita·

239 2011 304 2073 tem
327 2009 445 2092 priuati
466 2007 621 2091 principis
644 2008 813 2093 attulisses,
835 2009 995 2092 supplices
1009 2007 1071 2070 tibi
1094 2027 1214 2070 manus

239 2092 375 2156 tendens
397 2092 450 2155 uel
471 2091 579 2175 potius
601 2093 801 2175 queribunda
824 2093 990 2158 clamauit:
1125 2155 1152 2171 ,

303 2175 360 2240 XI.
384 2175 565 2259 ‘Quousque
583 2175 654 2259 hoc,
679 2177 886 2260 Maximiano,
910 2178 1014 2261 patiar
1035 2197 1088 2239 mc
1110 2174 1214 2258 quati,

239 2263 271 2323 te
294 2261 465 2344 quiescere,
488 2260 568 2325 mibi
588 2260 770 2327 libertatem
793 2263 899 2340 adimi,
922 2267 956 2326 te
978 2281 1133 2344 usurpare
1151 2259 1215 2322 tibi

201 2363 227 2404 as
239 2345 386 2410 illicitam
414 2345 624 2410 missionem?
668 2370 727 2430 an,
757 2348 842 2430 quod
864 2349 938 2411 diuo
961 2348 1109 2431 Augusto
1138 2348 1216 2428 post

240 2431 446 2516 septuaginta
468 2433 593 2513 aetatis,
617 2432 853 2516 quinquaginta
869 2431 995 2515 imperii
1018 2451 1123 2494 annos
1146 2451 1214 2492 non

239 2515 339 2596 licuit,
363 2521 430 2579 tam
453 2515 517 2579 cito
532 2515 623 2580 licuit
638 2517 722 2581 tibi?
743 2517 858 2582 ideone
877 2522 909 2581 te
931 2515 1012 2580 mihi
1031 2513 1097 2596 illo,
1122 2514 1214 2578 cuius

240 2603 290 2662 tot
311 2621 399 2682 aras,
422 2605 472 2662 tot
487 2600 620 2684 templa,
643 2603 694 2665 tot
715 2603 848 2666 nomina
870 2600 956 2683 colo,
980 2597 1138 2664 Hercules
1162 2597 1214 2661 de

138 2712 139 2718 ¹
242 2683 290 2748 dit
311 2689 348 2748 ut
368 2687 404 2748 tu
427 2683 461 2748 in
483 2683 665 2749 suburbano
687 2687 760 2753 otiis
782 2690 815 2750 te
831 2686 950 2750 dedens
972 2705 1065 2748 usum
1087 2683 1215 2746 dicatae

202 2787 228 2828 ao
242 2767 322 2833 mihi
343 2769 472 2835 uirtutis
495 2769 681 2835 amitteres?
707 2771 803 2835 redde
825 2775 858 2836 te
880 2768 1108 2856 gubernaculis
1131 2769 1214 2831 meis

243 2893 444 2901 sm*—

313 2963 324 3009 1
344 2961 405 3024 ipsa
423 2960 514 3010 ouaw
538 2956 548 3023 Η
572 2961 587 3010 8
605 2960 677 3010 unde
694 2966 724 3010 tu
745 2971 780 3008 w:
799 2961 918 3010 undeni
938 2964 968 3008 tu
986 2960 1013 3008 ii
1036 2955 1046 3022 ΙΙ
1071 2959 1087 3008 9
1106 2957 1214 3008 disces-

242 3042 321 3078 seras
338 3029 373 3083 m,
392 3029 499 3076 correxi
513 3025 518 3090 l
534 3023 604 3094 illic]
624 3028 669 3078 bic
681 3031 715 3077 w
727 3024 737 3094 11
753 3030 782 3076 12
800 3036 906 3078 mutare
921 3028 944 3075 A
956 3025 967 3092 ῃ
981 3029 1012 3076 13
1030 3030 1132 3076 cuncta
1150 3040 1214 3089 eqo:

241 3095 282 3144 ita
300 3099 400 3144 cuncta
412 3095 439 3142 Π
456 3110 491 3143 ea:
508 3096 613 3157 ditione.
631 3112 656 3144 c.
674 3111 726 3162 seq.
741 3092 751 3159 ΙΙ
765 3096 796 3144 14
815 3099 973 3146 sustentata
991 3107 1028 3142 w:
1049 3091 1213 3142 sustentas!

245 3158 256 3226 ll
278 3165 309 3210 15
329 3177 378 3210 our
395 3161 466 3210 eninr
481 3161 602 3210 sovw:
623 3163 695 3211 enim
716 3160 820 3227 curAll
835 3165 866 3212 16
883 3162 947 3212 belli
964 3163 1072 3225 scripsi:
1091 3159 1180 3210 usin
1199 3155 1213 3224 ll

244 3231 274 3277 19
294 3228 429 3279 abductus
447 3229 480 3276 W
499 3228 504 3293 l
528 3226 679 3294 exercitus]
699 3236 841 3280 exarcatus
860 3233 882 3279 A
900 3238 925 3279 et
941 3232 975 3278 W
992 3245 1045 3278 eum
1062 3230 1137 3292 rtiync
1154 3243 1213 3276 cor·

241 3298 367 3358 cupreae.
389 3313 422 3344 cn
440 3296 556 3346 adduxit
573 3305 680 3346 exteros
700 3299 855 3348 exercilus?
868 3297 923 3362 1122
941 3313 993 3362 que
1012 3295 1144 3346 tribunda
1155 3295 1179 3342 A
1200 3291 1211 3358 ΙΙ

242 3365 275 3410 24
293 3361 378 3411 adimi
397 3362 435 3428 te]
457 3364 575 3412 adimere
591 3378 616 3412 w
628 3362 638 3428 ll
651 3366 684 3415 25
703 3362 751 3429 an]
771 3371 820 3414 out
831 3369 865 3415 W
876 3364 886 3431 ll
899 3366 931 3414 26
950 3378 1038 3414 annos
1055 3379 1112 3414 non
1130 3363 1214 3412 licuit

241 3431 264 3478 A
276 3429 309 3476 W
322 3429 412 3480 Bere:
431 3446 485 3479 non
505 3431 584 3480 licuit
602 3447 687 3481 annos
701 3434 721 3481 B
734 3435 751 3480 0
763 3433 785 3480 V
797 3428 808 3495 ll
820 3434 853 3482 28
867 3431 987 3483 herculis
998 3432 1059 3480 AW
1071 3427 1082 3496 l
1095 3431 1128 3480 29
1147 3430 1215 3480 otiis

242 3503 270 3546 te
289 3495 389 3547 dedens
407 3499 515 3561 scripsi:
533 3499 601 3548 ociis
620 3499 720 3550 sedens
737 3501 765 3548 Μ
783 3502 888 3552 otiosus
906 3499 1005 3550 sedens
1022 3501 1082 3548 edd.
