2578 4000
196 169 262 234 200
524 167 572 220 rx,
598 168 749 220 rucaarr
767 167 846 218 rau.

199 321 297 384 stium
319 318 424 404 globis
446 318 626 382 miscuisti?
660 339 715 382 cur
737 318 874 382 salutem
888 317 942 380 rei
962 317 1112 401 publicae
1133 320 1166 382 in

197 403 341 488 pericula
362 405 455 468 tanta
476 402 618 467 misisti?
663 424 706 466 an
727 402 851 466 nescire
872 423 932 465 nos
953 405 1050 485 putas
1074 403 1165 485 quod,
1245 431 1246 444 2

198 489 273 552 dum
301 487 401 552 nimio
431 487 553 571 raperis
582 486 711 565 ardore,
739 487 774 550 in
803 485 908 550 media
934 485 1077 552 hostium
1104 486 1167 551 tela

197 569 372 637 deueneras
407 576 455 654 et,
493 572 557 636 nisi
590 571 676 635 uiam
704 571 763 635 tibi
797 570 945 634 caedibus
976 571 1164 653 aperuisses,

171 674 288 740 ospem
305 658 403 721 totius
424 657 551 742 generis
566 654 700 720 humani
723 658 756 720 et
776 657 855 718 uota
875 653 1068 738 deceperas?
1098 659 1166 721 toto

197 742 315 825 quippe
337 741 459 824 impetu
479 741 646 822 ferebare„
665 740 803 804 'torrenti
825 739 938 803 similis
961 740 1049 803 amni
1072 761 1165 822 quem

197 825 351 908 abruptae
378 825 531 890 radicitus
559 824 659 888 siluae
687 828 719 888 et
742 823 895 888 conuulsa
915 823 1061 888 funditus
1090 845 1166 888 saxa
1259 903 1260 907 Ἰ

197 912 413 1006 sequerentur.
449 909 525 992 quid
547 909 607 974 tibi
631 911 689 991 est,
711 909 895 1004 imperator,
920 928 992 972 oum
1013 907 1166 1004 inferiore

159 1096 184 1136 10
195 991 350 1174 ltfutlf
361 993 577 1141 utttltf
577 1015 632 1141 ἒέἷ
648 992 704 1141 tt
726 992 918 1141 staats
934 1013 1166 1173 &tistitus

196 1165 264 1226 u1ta
286 1160 428 1226 omnium
450 1161 519 1226 fata
540 1160 698 1245 pendent,
730 1161 770 1224 ad
792 1160 892 1225 ullum
915 1159 1085 1224 d1scr1men
1116 1182 1165 1224 ac·

196 1245 313 1310 cedas?
349 1246 435 1310 inter
456 1249 505 1310 tot
529 1247 595 1311 tela
616 1245 804 1330 gladiosque
825 1244 974 1309 uersare?
1010 1245 1083 1328 quis
1105 1244 1165 1310 hoc

194 1334 268 1394 ate
291 1329 414 1415 exigit?
441 1334 496 1394 aut
518 1331 588 1414 quis
610 1330 680 1414 pati
702 1330 804 1413 possit
825 1333 861 1392 ut
883 1329 1054 1413 quicquam
1076 1331 1112 1393 in
1133 1333 1165 1394 te

195 1415 272 1478 belli
300 1415 426 1480 casibus
447 1414 566 1480 liceat?
611 1415 723 1479 deceat
743 1416 792 1496 te,
821 1415 1010 1496 imperator,
1039 1412 1164 1478 hostem

158 1515 182 1555 1⁵
196 1500 314 1562 ferire?
347 1499 445 1563 immo
468 1520 536 1562 non
558 1499 649 1564 decet
670 1499 824 1562 laborare.
845 1547 847 1552 -

258 1581 298 1646 X.
348 1582 514 1666 Spectauit
548 1605 587 1648 ex
626 1583 711 1646 edito
750 1585 859 1647 monte
877 1581 1010 1646 Xerxes
1048 1583 1164 1646 nauale

196 1669 367 1731 certamen.
404 1669 571 1752 Augustus
594 1666 682 1731 aliud
703 1687 801 1752 agens
823 1667 902 1731 uicit
924 1670 1002 1749 aput
1023 1666 1162 1730 Actium.

195 1750 257 1815 fuit
279 1752 375 1816 etiam
390 1753 444 1836 qui
467 1753 612 1816 sublatus
634 1752 669 1815 in
690 1751 791 1816 scalas
811 1750 952 1815 inuicem
973 1771 1073 1814 nexas
1093 1773 1163 1815 cou-
1268 1755 1269 1758 ’

196 1840 359 1900 currentes
388 1837 513 1901 eminus
541 1836 623 1901 uidit
651 1837 822 1916 exereitus,
851 1839 887 1898 ut
908 1857 967 1899 nec
993 1837 1163 1900 interesset

157 1937 183 1976 20
196 1920 336 2002 periculo
366 1923 399 1984 et
421 1921 548 1985 adesset
574 1921 711 1984 euentui.
755 1920 889 2015 ignaua,
917 1920 1060 2003 inquies,
1090 1924 1164 1984 sunt

194 2001 274 2068 haec
297 2004 455 2089 exempla3
479 2004 535 2068 sed
556 2007 643 2086 tuta,
672 2025 864 2089 graurorque
886 2006 989 2068 metus
1012 2008 1063 2068 eat
1084 2004 1163 2087 peri·
1270 2045 1271 2066 2

196 2087 258 2150 culi
289 2089 337 2150 tui
370 2110 464 2169 quam
491 2088 616 2151 laetitia
650 2089 813 2152 uictoriae.
859 2110 901 2152 an
933 2110 1001 2152 non
1029 2088 1093 2173 ipsi
1122 2091 1161 2171 te,

196 2171 297 2233 caesis
324 2170 508 2254 fugatisque
534 2171 681 2235 hostibus
708 2172 941 2256 interfectoque
970 2173 1069 2237 etiam
1095 2174 1163 2257 ipso

196 2273 303 2316 eorum
326 2253 415 2337 duee,
440 2256 572 2319 comites
595 2259 627 2319 et
646 2255 770 2320 tribuni
792 2257 973 2341 corripuere
996 2257 1163 2322 lacriman-

157 2353 182 2394 as
195 2339 243 2400 tes
266 2337 465 2422 amplexique
487 2339 567 2404 illud
583 2344 673 2403 tuum
696 2340 845 2404 anhelum
866 2344 989 2425 pectus,
1012 2345 1163 2406 ementes

194 2441 309 2485 manus
343 2424 375 2486 et
408 2422 559 2520 quicquid
592 2425 630 2489 de
663 2425 822 2508 sanguine
848 2425 1025 2509 profundae
1061 2425 1164 2491 caedis

195 2509 368 2569 emerserat
388 2505 466 2570 hinc
489 2511 582 2592 atque
604 2509 679 2572 inde
702 2509 895 2574 clamarunt:
929 2510 1019 2592 ‘quid
1041 2531 1163 2594 egeras,

194 2589 391 2670 imperator?
429 2591 463 2654 in
486 2613 566 2674 quae
588 2614 647 2656 nos
669 2593 737 2656 sata
758 2594 952 2677 proieceras,
976 2594 1040 2658 nisi
1062 2599 1097 2658 te
1119 2594 1163 2658 di-

193 2671 270 2736 uina
298 2673 398 2738 uirtus
426 2679 484 2739 tua
509 2675 729 2740 uindicasset‘?
771 2699 852 2761 quae
877 2677 957 2743 haec
985 2681 1034 2742 est
1062 2679 1163 2762 impa-

156 2771 181 2813 eo
194 2755 331 2820 tientia?
376 2761 431 2822 aut
452 2780 515 2842 quo
536 2759 597 2823 tibi
617 2782 731 2826 manus
753 2765 896 2843 nostras,
926 2763 954 2825 si
976 2783 1071 2827 uersa
1093 2764 1164 2828 uice

192 2861 318 2925 pugnas
340 2843 408 2926 ipse
429 2864 487 2927 pro
509 2843 637 2908 nobis?’
666 2845 746 2909 haec
767 2866 827 2930 ego
849 2867 915 2910 non
931 2847 1081 2928 dicerem,
1105 2849 1164 2912 im-

192 2930 333 3009 perator,
357 2949 460 3011 neque
483 2929 523 2992 ab
546 2928 616 2993 aliis
640 2930 726 2994 dicta
747 2950 965 3014 memorarem,
988 2930 1053 2994 nisi
1068 2931 1164 2996 bene·

195 3039 398 3049 —-———-—..-.-„

259 3082 276 3129 2
293 3076 357 3146 nos]
376 3082 430 3133 riou
448 3085 470 3130 Δ
484 3079 493 3146 ΙΙ
506 3085 522 3132 3
541 3098 602 3132 cum
620 3085 637 3131 0
655 3084 688 3133 W
703 3079 707 3147 Ι
722 3085 859 3148 rapereris
877 3087 895 3133 c
912 3098 938 3133 w
949 3082 959 3150 ΙΙ
971 3087 988 3134 4
1007 3085 1164 3136 deueneras

192 3141 341 3197 Liuineius:
355 3148 497 3199 deueneria
509 3151 536 3198 Π
549 3147 559 3214 ΙΙ
572 3151 638 3200 6-9
651 3151 716 3214 quid
728 3152 781 3201 tibi
792 3178 825 3188 —
839 3152 967 3202 fortuna?
985 3158 1046 3204 toto
1059 3151 1164 3218 quippe

192 3212 298 3275 impetu
315 3239 348 3248 —
366 3230 434 3265 saxa
453 3223 632 3280 sequerentur
648 3221 684 3278 K,
704 3221 861 3282 transposuit
878 3213 1014 3270 Acidulfus
1026 3218 1036 3285 ΙΙ
1053 3223 1070 3271 ὅ
1088 3216 1161 3284 toto]

192 3283 272 3328 tanto
286 3279 493 3342 Eyssenhardtus
506 3281 516 3347 l
528 3287 544 3335 8
562 3301 596 3334 an
612 3284 760 3336 iuferiora?
773 3283 783 3350 ΙΙ
796 3289 811 3337 9
829 3301 894 3336 suos
906 3287 929 3335 Δ
940 3285 951 3352 ΙΙ
966 3289 994 3336 11
1013 3287 1118 3337 nullum
1129 3290 1163 3336 W

195 3341 207 3408 ll
223 3346 254 3394 12
272 3359 323 3394 nec
339 3347 413 3398 inter
429 3363 454 3398 w
466 3347 476 3413 ΙΙ
490 3354 521 3401 16
540 3353 679 3416 spectauit
697 3355 770 3404 edd:
789 3359 885 3418 specta
896 3354 919 3401 Δ
938 3361 1071 3417 spectans
1083 3356 1103 3404 B
1114 3358 1131 3404 0
1141 3355 1164 3402 V

192 3415 303 3474 spectat
315 3425 339 3459 w
355 3411 359 3476 Ι
375 3421 467 3464 monte
483 3419 619 3467 deleverim
635 3417 638 3482 Ι
654 3420 753 3470 Xerses
765 3421 793 3467 Μ
805 3419 815 3485 ΙΙ
828 3423 860 3471 22
878 3421 997 3471 uictoria
1009 3422 1032 3470 Δ
1046 3421 1051 3484 Ι
1068 3428 1098 3471 at
1110 3423 1163 3471 AV

193 3493 210 3527 a
226 3491 252 3526 w
266 3476 270 3542 Ι
286 3482 312 3527 te
329 3480 352 3527 Δ
363 3480 396 3529 W
408 3480 496 3532 Bere:
515 3501 560 3534 om.
580 3486 600 3533 B
613 3487 630 3533 c
642 3486 664 3533 V
681 3484 690 3550 ΙΙ
709 3489 741 3537 ‘23
760 3488 971 3551 interfectisque
990 3489 1031 3552 B,
1050 3505 1119 3540 corr.
1136 3501 1163 3536 vr
