2582 3992
185 170 247 235 134
509 171 542 223 v.
568 169 719 221 morari
737 167 818 220 rau.

181 321 297 391 uitium
319 340 378 384 nec
399 319 477 404 ipsis
499 321 626 384 tantum
644 317 783 381 fauoniis
806 319 837 380 et
859 317 929 381 luce
951 316 1062 382 sedata
1085 317 1148 382 lae·

181 407 250 470 tum
273 408 369 488 atque
385 403 567 490 uenerabile
588 406 743 486 quantum
765 405 838 466 ortu
853 401 1026 468 Caesarum
1048 401 1147 466 maxi·

181 491 321 554 morum!
350 511 368 553 o
390 491 516 572 tempus
538 509 600 571 quo
622 487 735 550 merito
757 486 917 570 quondam
939 485 1048 550 omnia
1070 489 1148 552 nata

182 595 251 638 esse
285 573 471 656 credantur,
506 594 578 637 cum
615 571 725 636 eodem
757 591 845 634 nune
879 570 1068 635 confirmata
1103 571 1147 634 ui-

155 658 329 724 odeamus!
373 679 392 721 0
414 657 570 722 kalendae
591 656 742 738 Martiae,
771 655 866 720 sicuti
893 655 969 719 olim
991 676 1149 720 annorum

180 742 395 824 uoluentium,
426 743 473 805 ita
501 762 588 806 nunc
615 745 817 804 aeternorum
844 740 988 822 auspices
1013 739 1148 822 impera·

180 829 304 891 torum!
328 828 448 910 quanta
470 826 565 908 enim,
588 824 790 890 inuictissimi
808 824 979 908 principes,
1002 827 1036 888 et
1056 825 1148 888 uobis

181 915 214 975 et
234 911 281 974 rei
302 911 449 995 publicae
472 910 597 975 saecula
614 909 799 994 propagatis
822 909 909 973 orbis
931 909 1031 972 uestri
1052 909 1149 992 parti·

182 995 317 1078 cipando
339 994 497 1060 tutelam?
535 994 624 1058 cuius
646 994 723 1058 licet
744 996 827 1058 esset
853 993 941 1058 omni
963 993 1057 1058 hoste
1079 1015 1149 1076 per·

142 1098 168 1138 10
182 1080 302 1143 domito
327 1081 412 1143 certa
434 1079 596 1162 securitas,
618 1079 736 1143 nimios
751 1082 859 1142 tamen
881 1078 916 1142 in
940 1077 1066 1142 diuersa
1088 1078 1149 1141 dis-

153 1167 156 1171 ’
181 1184 292 1228 cursus
314 1163 366 1226 uel
387 1163 555 1228 reuisenda
577 1163 738 1246 poscebat.
781 1161 901 1226 Partho
923 1163 1042 1247 quippe
1064 1161 1151 1226 ultra

180 1247 304 1334 Tigrim
326 1243 469 1331 re'dacto,
493 1247 593 1312 Dacia
614 1247 780 1328 restituta,
807 1248 963 1330 porrectis
986 1245 1150 1331 usquead

180 1332 320 1398 Danuuii
347 1336 444 1416 caput
466 1332 656 1397 Germaniae
678 1331 874 1414 Raetiaeque
890 1330 1068 1414 limitibus,
1098 1331 1150 1396 de-

181 1418 302 1482 stinata
316 1417 468 1481 Batauiae
483 1417 733 1499 Britanniaeque
754 1415 907 1494 uindicta,
930 1415 1150 1500 gubernacula

143 1518 168 1559 1⁵
182 1502 302 1565 maiora
346 1502 499 1566 uaerebat
525 1503 618 1565 aucta
644 1503 738 1584 atque
767 1499 915 1584 augenda
936 1521 987 1564 res
1010 1500 1149 1584 publica,

182 1589 224 1666 et,
246 1587 301 1670 qui
322 1523 486 1650 domanae
508 1585 670 1669 potentiae
693 1585 847 1648 terminos
870 1585 988 1649 uirtute
1010 1585 1149 1669 protule-

181 1673 269 1752 rant,
293 1670 462 1754 imperium
483 1670 549 1736 filio
572 1671 691 1754 pietate
713 1669 881 1734 debebant

244 1754 301 1819 IV.
328 1755 372 1819 Et
391 1777 467 1820 sane
488 1758 615 1838 praeter
634 1775 726 1818 usum
750 1775 920 1837 curamque
941 1753 1150 1837 reipublicae

183 1839 279 1902 etiam
301 1839 356 1903 illa
371 1839 456 1903 Iouis
479 1843 511 1904 et
527 1839 674 1904 Herculis
690 1842 828 1923 cognata
843 1838 993 1902 maiestas
1008 1838 1044 1902 in
1058 1837 1150 1902 Iouio

144 1921 398 2020 mHerculioque
418 1924 616 2007 principibus
638 1923 737 1988 totius
766 1923 876 1988 mundi
903 1922 1150 2006 caelestiumque

182 2027 288 2071 rerum
305 2007 546 2071 similitudinem
560 2007 753 2091 requirebat.
782 2008 901 2091 quippe
923 2007 985 2071 isto
1007 2008 1150 2072 numinis

182 2092 282 2156 uestri
309 2111 444 2154 numero
472 2113 595 2156 summa
622 2091 730 2157 omnia
757 2091 906 2157 nituntur
934 2095 968 2157 et
988 2091 1149 2177 gaudent:

182 2176 341 2240 elementa
371 2177 521 2260 quattuor
555 2180 587 2240 et
614 2176 749 2240 totidem
780 2177 856 2243 anni
885 2177 972 2242 uices
1003 2178 1037 2241 et
1064 2175 1151 2240 orbis

182 2259 408 2343 quadrifariam
445 2259 564 2342 duplici
602 2258 756 2324 discretus
796 2282 914 2326 oceano
952 2264 985 2326 et
1020 2282 1151 2326 emenso

143 2361 169 2402 as
182 2347 294 2427 quater
323 2344 410 2408 caelo
437 2345 540 2408 lustra
565 2344 731 2409 redeuntia
759 2348 791 2408 ct
835 2346 986 2431 uadrigae
1013 2346 1090 2410 solis
1120 2349 1152 2410 et

181 2428 305 2492 duobus
333 2429 413 2494 caeli
435 2429 608 2494 luminibus
638 2429 782 2493 adiuncti
804 2367 928 2514 desper
957 2433 989 2494 et
1011 2429 1149 2496 Lucifer.

182 2511 236 2576 sed
259 2534 363 2597 neque
386 2513 434 2577 sol
450 2514 518 2596 ipse
541 2535 644 2598 neque
668 2517 783 2579 cuncta
801 2515 905 2579 sidera
927 2515 1084 2580 humanas
1099 2537 1152 2580 res

181 2598 250 2660 tam
276 2600 430 2680 perpetuo
453 2598 573 2662 lumine
601 2599 768 2663 intuentur
795 2621 891 2682 quam
920 2621 977 2664 uos
1000 2601 1150 2683 tuemini,

182 2680 237 2763 qui
260 2681 328 2744 sine
349 2682 415 2745 ullo
442 2681 509 2746 fere
532 2683 714 2747 discrimine
737 2684 858 2748 dierum
886 2705 924 2749 ac
947 2685 1091 2749 noctium
1114 2684 1152 2748 il-

142 2763 327 2831 alusuaris
360 2764 469 2830 orbem
505 2767 662 2852 salutique
694 2768 840 2853 gentium
872 2789 939 2832 non
970 2769 1021 2832 his
1055 2769 1153 2833 modo

182 2850 296 2934 quibus
324 2849 521 2915 immortales
548 2853 655 2917 uultus
683 2852 784 2917 uestri
810 2852 937 2936 uigent,
969 2851 1025 2918 sed
1047 2853 1151 2918 multo

250 3023 264 3070 l
284 3021 401 3072 fauoniis
420 3024 493 3072 edd:
517 3023 628 3073 fauonis
645 3026 673 3071 Η
692 3021 817 3087 (tationis
834 3023 878 3087 W)
899 3022 902 3086 Ι
931 3024 1026 3074 sedata
1043 3027 1154 3090 scripsi:

182 3093 274 3138 serata
285 3091 313 3136 A!
331 3104 429 3139 serena
441 3093 481 3138 uel
493 3095 621 3142 serenata
633 3093 692 3140 edd.
710 3088 720 3154 ss
737 3093 753 3140 4
774 3090 846 3141 conf.
859 3091 882 3138 A
893 3090 984 3141 Bm..-
1004 3091 1077 3142 conf.
1090 3107 1154 3142 esse

181 3161 242 3204 cett.
261 3152 271 3219 ΙΙ
287 3157 303 3205 8
322 3157 436 3207 saecula
452 3157 486 3205 W
497 3156 586 3207 Bora:
605 3156 690 3207 seculi
707 3158 730 3205 A
748 3174 794 3208 om.
812 3158 862 3206 Bo
876 3158 897 3205 V
911 3159 915 3219 Ι
932 3159 1094 3224 propagatis
1112 3173 1152 3208 w:

181 3225 331 3286 propagati
342 3224 369 3270 u
381 3224 456 3274 Bert.
474 3222 484 3289 ΙΙ
502 3227 517 3275 9
536 3229 612 3276 esset
623 3226 646 3273 A
658 3224 690 3272 W
701 3224 791 3274 Bert:
809 3242 855 3275 om.
867 3227 887 3274 B
900 3227 917 3274 0
929 3227 951 3274 V
963 3223 973 3290 ss
987 3227 1018 3276 15
1036 3242 1095 3292 rep.
1109 3229 1126 3274 0
1144 3225 1154 3290 d

182 3292 215 3340 20
233 3287 393 3356 herculeoq;
411 3295 445 3340 W
468 3289 477 3356 ΙΙ
502 3295 534 3342 22
552 3293 645 3343 omniu
662 3292 685 3339 A
708 3289 718 3356 ΙΙ
742 3295 775 3342 23
797 3292 976 3344 clementiae
999 3291 1004 3359 Ι
1029 3293 1105 3344 uices
1124 3299 1154 3343 et

182 3356 257 3408 orbis
274 3358 297 3405 A
309 3358 341 3406 W
352 3358 443 3411 Bert:
461 3375 508 3408 om.
521 3359 541 3408 Β
554 3362 571 3407 0
584 3360 605 3407 V
623 3357 633 3424 ΙΙ
651 3361 684 3408 24
703 3356 741 3424 et]
761 3364 793 3409 ut
804 3360 827 3407 A
841 3359 846 3423 Ι
861 3376 985 3412 remenso
997 3361 1073 3416 Bert.
1091 3358 1102 3425 ΙΙ
1118 3363 1153 3411 25

180 3422 270 3557 lustrp
289 3425 433 3541 redeungia
446 3439 482 3475 w:
502 3427 620 3477 lustrare
639 3425 752 3477 deontia
769 3425 898 3492 (deuncia
909 3430 932 3477 A
944 3427 974 3492 0)
988 3429 1015 3475 u
1032 3426 1042 3494 ΙΙ
1060 3430 1092 3480 31
1111 3428 1152 3478 ui-

181 3495 249 3554 gent
281 3493 369 3557 Igenii
