2572 3990
420 185 580 260 rsimuo
599 209 632 259 o.
665 211 771 260 1c-ao.
822 202 826 208 ·
870 225 871 230 =
1035 207 1076 272 17
1127 205 1129 208 ·

107 358 268 442 operibus,
292 361 405 422 assunt
421 357 712 439 exercitationibus,
735 379 823 420 arma
844 358 972 422 moenia
987 358 1075 423 uiros
1151 383 1152 386 ¹

110 445 232 526 aptant.
276 442 394 526 quippe
416 461 482 506 non
510 443 537 505 is
560 442 709 524 princeps
732 442 786 524 qui
814 442 875 506 sibi
895 443 1073 526 imminere,

107 527 170 590 sibi
191 526 318 590 intendi
341 529 434 608 putet
456 527 538 606 quod
560 530 595 590 in
616 525 724 592 hostes
741 529 886 611 paretur3
910 548 990 610 quae
1004 549 1075 610 per·

109 611 216 676 suasio
240 609 303 673 fuit
323 610 451 674 illorum
474 611 528 694 qui
549 610 689 692 hostilia,
716 631 788 674 cum
808 610 962 693 facerent,
985 613 1077 677 time·

110 696 198 759 bant.
231 695 315 758 idem
337 716 413 779 ergo
428 701 554 778 torpere
576 694 727 759 militaria
748 696 854 759 studia
874 716 933 758 nec
954 697 1104 760 animosa

111 778 206 843 modo
229 779 286 842 sed
308 782 341 843 et
356 800 487 862 corpora
509 779 581 862 ipsa
595 779 813 864 languescere,
837 779 960 864 gladios
980 782 1077 845 etiam

9 885 11 936 l
108 863 236 928 incuria
257 863 403 927 hebetari
424 864 614 946 retundique
636 864 829 949 gaudebant.
867 865 961 928 duces
983 885 1077 948 porro

10 1011 11 1022 2
110 948 231 1030 nostri,
264 969 331 1012 non
362 952 430 1012 tem
462 969 576 1033 regum
609 955 788 1013 exterorum
819 970 916 1031 quam
948 970 1078 1012 suorum

9 1069 11 1120 ;
111 1033 293 1116 principum
315 1031 458 1115 iusidias,
482 1053 541 1096 nec
563 1035 630 1096 tam
646 1033 785 1097 hostium
808 1053 903 1116 quam
925 1034 1102 1122 0011111111-Υ

9 1125 11 1142 '
110 1123 224 1180 tonum
248 1137 363 1180 manus
385 1116 565 1198 ferrumque
586 1117 782 1181 metuebant.
1092 1137 1118 1176 ιο
1162 1129 1165 1136 ·

174 1199 264 1266 ΧΙΧ.
293 1199 354 1265 Est
367 1199 447 1264 haec
460 1205 576 1264 natura
590 1201 746 1264 sideribus
766 1203 802 1264 ut
816 1222 916 1284 parua
934 1204 966 1264 et
982 1201 1078 1265 exilia

108 1284 305 1350 ualidiorum
322 1289 448 1349 exortus
464 1285 629 1349 obscuret:
647 1286 794 1349 similiter
808 1286 1010 1369 imperatoris
1026 1287 1079 1349 ad·

110 1374 213 1434 uentu
225 1370 405 1454 legatorum
418 1369 785 1454 dignitasiuumbratur.
809 1373 965 1434 tutamen
979 1371 1080 1434 maior

108 1455 261 1518 omnibus
290 1453 417 1537 quidem
446 1475 530 1536 eras,
562 1453 615 1518 sed
643 1455 712 1518 sine
739 1455 835 1518 ullius
862 1455 1079 1519 deminutione

112 1540 231 1602 maior:
270 1539 403 1601 eandem
437 1540 658 1602 auctoritatem
685 1542 854 1622 praesente
885 1543 918 1603 te
945 1540 1079 1624 quisque
1093 1557 1118 1596 15

113 1644 211 1706 quam
234 1621 367 1686 absente
383 1623 558 1706 retinebat3
582 1623 660 1705 quin
682 1623 777 1687 etiam
798 1623 958 1706 plerisque
981 1646 1019 1688 ex
1041 1645 1078 1688 eo

112 1707 295 1771 reuerentia
323 1709 501 1771 accesserat
530 1705 612 1790 quod
638 1710 675 1769 tu
702 1727 826 1789 quoque
857 1707 931 1770 illos
957 1728 1079 1770 reuere-

113 1791 200 1856 bare.
245 1791 353 1874 itaque
384 1791 517 1875 perinde
551 1791 683 1854 summis
713 1794 808 1872 atque
840 1790 960 1854 infimis
989 1813 1080 1855 carus
1136 1811 1142 1820 ·

113 1876 161 1940 sic
182 1877 409 1959 imperatorem
433 1873 746 1959 commilitonemque
768 1875 943 1939 miscueras
965 1879 1002 1940 ut
1016 1879 1081 1939 stu-

113 1960 202 2024 dium
230 1960 373 2024 omnium
402 1961 605 2042 laboremque
632 1963 665 2024 et
686 1963 852 2042 tamquam
880 1963 1008 2024 exactor
1033 1961 1080 2024 in·
1094 1981 1120 2018 ac

112 2045 263 2108 tenderes
292 2050 325 2107 et
346 2047 510 2126 tamquam
531 2045 693 2128 particeps
722 2044 888 2127 sociusque
911 2044 1080 2108 releuares.

112 2128 225 2192 felices
247 2128 321 2192 illos
343 2149 476 2213 quorum
498 2127 577 2192 fides
600 2133 632 2192 et
647 2129 805 2194 industria
826 2150 892 2192 non
912 2149 971 2213 per
984 2129 1081 2193 inter-

113 2213 246 2276 nuntios
274 2215 306 2276 et
328 2213 536 2297 interpretes,
564 2213 619 2276 sed
641 2213 680 2276 ab
703 2213 773 2297 ipso
795 2216 842 2294 te,
871 2235 931 2277 nec
952 2215 1081 2278 auribus

111 2298 178 2360 tuis
207 2297 264 2360 sed
291 2295 392 2360 oeulis
417 2296 649 2380 probabantur!
688 2298 850 2361 consecuti
872 2300 948 2360 sunt
969 2301 1005 2362 ut
1028 2299 1081 2361 ab·

113 2403 189 2446 aens
213 2401 338 2464 quoque
361 2382 399 2444 de
422 2381 608 2446 absentibus
635 2382 757 2445 nemini
779 2382 882 2466 magis
904 2405 999 2464 quam
1020 2383 1081 2446 tibi
1095 2402 1121 2441 ss

112 2465 271 2530 crederes.

179 2549 252 2614 XX.
275 2548 345 2612 lam
355 2552 387 2614 te
403 2550 520 2614 ciuium
534 2550 690 2615 desideria
704 2551 912 2633 reuocabant,
929 2571 1081 2614 amorem·

113 2655 177 2718 que
206 2636 383 2698 castrorum
411 2635 583 2718 superabat
611 2636 726 2699 caritas
747 2635 878 2718 patriae.
922 2635 983 2698 iter
1005 2635 1081 2699 inde

113 2717 279 2802 placidum
307 2739 345 2783 aa
372 2720 550 2783 modestum
578 2723 610 2782 et
635 2721 731 2802 plane
758 2741 776 2783 a
801 2741 880 2802 pace
908 2719 1081 2782 redeuntis.

115 2824 177 2867 nec
197 2823 274 2866 uero
295 2823 355 2886 ego
376 2804 410 2866 in
427 2803 573 2866 laudibus
588 2805 652 2866 tuis
673 2825 792 2887 ponam
807 2803 890 2886 quod
911 2803 1083 2866 aduentum
1096 2823 1125 2862 ao

115 2892 209 2951 tuum
240 2908 307 2950 nou
335 2890 427 2970 pater
456 2888 638 2969 quisquam,
671 2908 738 2950 non
771 2889 905 2950 maritus
939 2887 1083 2969 expauit:

117 2971 267 3034 affectata
289 2972 362 3035 aliis
384 2972 525 3052 castitas,
549 2971 609 3034 tibi
629 2971 775 3054 ingenita
798 2973 830 3033 et
851 2972 964 3034 innata
986 2970 1084 3034 iuter·

117 3076 178 3138 que
201 3077 239 3118 ea
255 3077 335 3138 quae
350 3055 508 3140 imputare
527 3076 595 3119 nou
609 3055 721 3139 possis.
746 3055 853 3118 nullus
868 3055 901 3118 in
919 3055 1084 3138 exigendis

114 3194 321 3204 --.-·-—--

186 3265 202 3312 3
219 3265 320 3326 parent
338 3257 407 3326 0114
425 3261 593 3310 timebantur
610 3258 677 3325 0115
695 3265 817 3325 tempore
836 3258 902 3324 0111
921 3261 1084 3324 retundique

118 3339 155 3380 w:
175 3333 203 3380 et
221 3329 342 3394 undique
360 3329 388 3376 Π
411 3326 421 3394 1
446 3330 477 3377 12
495 3328 647 3378 ualidorum
665 3330 706 3392 11,
725 3345 793 3378 corr.
814 3342 830 3392 ς
853 3325 863 3392 11
888 3330 917 3378 13
935 3328 1086 3392 dignitates

119 3396 310 3447 inumbrantur
321 3396 354 3444 W
367 3394 377 3460 11
391 3399 423 3445 14
435 3396 613 3445 diminutione
626 3399 653 3444 Μ
666 3394 676 3460 11
691 3399 720 3445 15
740 3396 854 3459 quisque
874 3412 953 3460 quam
970 3397 1085 3446 absente

121 3469 167 3512 ret.
185 3466 260 3517 edd:
280 3466 422 3528 quisquam
441 3465 556 3514 absente
575 3469 625 3513 ret.
642 3465 662 3512 B
678 3465 699 3510 V
718 3465 860 3528 quisquam
879 3464 1020 3513 retinebat
1038 3464 1088 3512 ab·

121 3537 200 3580 senta
218 3537 269 3582 ret.
289 3533 306 3580 0
325 3531 439 3595 quisque
459 3529 523 3594 (ras.
537 3529 622 3596 71111.)
642 3536 692 3580 ret.
711 3527 803 3596 111121
821 3531 960 3580 reuelures
974 3533 999 3582 0.

169 3621 257 3663 Panse.
271 3631 325 3662 nar.
868 3617 883 3662 2
