2582 3992
203 199 245 260 80
525 197 546 250 1.
583 195 612 248 e.
630 195 746 247 renui
764 196 844 245 rau.

201 349 330 411 tantum
356 345 531 429 amicitiae,
559 344 655 408 inane
684 343 807 408 scilicet
834 345 1040 428 irrisumque,
1067 368 1170 411 rema·

203 431 308 496 nebat.
339 453 415 494 nam
437 430 491 512 qui
513 431 640 512 poterat
660 449 728 492 esse
749 429 836 493 inter
851 451 904 494 ecs
919 431 1071 515 amicitia,
1094 452 1168 515 quo·

203 538 275 579 rum
297 515 358 579 sibi
382 514 502 578 domini
525 513 590 598 alii,
613 513 668 576 alii
684 513 768 576 serui
788 513 999 580 uidebantur?
1029 517 1064 579 lu
1084 515 1168 580 hauc

203 601 329 684 pulsam
357 603 389 663 et
417 601 576 663 errantem
603 597 772 661 reduxisti:
800 597 900 661 habes
930 599 1065 682 amicos,
1095 603 1168 683 quia

178 685 323 748 ramicus
351 684 420 767 ipse
447 705 490 746 es.
532 703 635 765 neque
665 683 750 745 enim
783 685 819 746 ut
851 683 915 747 alia
944 683 1094 748 subiectis
1123 687 1169 750 ita

203 790 291 833 amor
308 769 507 851 imperatur,
535 787 639 849 neque
668 769 718 830 est
746 766 829 831 ullus
858 768 990 832 affectus
1013 772 1082 832 tam
1104 791 1168 834 ere-

204 858 275 918 ctus
291 856 322 916 et
337 853 418 916 liber
433 854 466 915 et
486 849 712 916 dominationis
727 851 901 933 impatiens
915 875 975 918 nec
990 854 1046 938 qui
1066 855 1169 938 magis

202 939 289 1001 uices
305 937 353 1001 exi
379 939 421 1001 at.
451 938 558 1018 potest
571 935 722 1018 princeps
742 935 877 1002 fortasse
898 937 1016 1021 inique,
1040 939 1167 1024 [potest]

203 1024 310 1085 tamen
333 958 406 1084 odio
429 1041 584 1084 essenon
605 1020 711 1099 nullis,
735 1019 860 1084 etiamsi
885 1021 954 1105 ipse
969 1044 1037 1086 non
1054 1023 1167 1087 oderit:

165 1130 190 1169 ιο
204 1107 314 1188 amari,
336 1104 400 1168 nisi
419 1106 488 1188 ipse
509 1106 602 1186 amet,
624 1125 690 1168 non
708 1107 826 1188 potest.
857 1105 966 1190 diligis
988 1128 1074 1192 erge,
1099 1129 1169 1172 cum

206 1190 358 1275 diligaris,
382 1191 468 1254 etin
494 1210 531 1252 eo
554 1189 639 1272 quod
661 1191 820 1271 utrimque
839 1189 1100 1255 honestissimum
1122 1197 1171 1256 est

203 1278 273 1338 tota
296 1274 398 1358 gloria
421 1276 475 1337 lua
498 1276 560 1358 est;
584 1273 637 1356 qui
658 1274 802 1357 superior
820 1274 925 1339 factus
948 1275 1114 1340 descendis
1135 1277 1168 1340 iu

204 1359 312 1423 omnia
338 1357 565 1423 familiaritatis
595 1357 701 1421 cilicia
729 1361 762 1422 et
787 1359 823 1422 in
852 1359 989 1424 amioum
1012 1383 1051 1424 ex
1072 1361 1170 1444 impe-

203 1446 310 1507 ratore
333 1443 546 1527 submitteris3
568 1443 667 1506 immo
681 1445 759 1506 tunc
780 1443 918 1508 maxime
933 1445 1169 1528 imperatorem,

167 1551 191 1590 rs
206 1549 277 1592 eum
305 1529 443 1592 amicum
470 1527 549 1611 agis.
586 1528 704 1591 etenim
740 1549 811 1591 cum
844 1527 990 1611 plurimis
1023 1531 1170 1594 amicitiis

204 1613 334 1677 fortuna
348 1613 529 1696 principum
543 1611 698 1694 indigeat,
721 1613 928 1696 praecipuum
948 1617 996 1678 est
1015 1615 1170 1700 principis

205 1718 284 1780 opus
306 1699 424 1761 amicos
446 1719 571 1780 parare.
603 1696 728 1778 placeat
746 1697 807 1761 tibi
828 1719 954 1780 semper
974 1697 1053 1763 haec
1075 1703 1170 1782 secta,

205 1791 238 1845 et
260 1803 331 1846 cum
353 1782 493 1866 reliquas
523 1781 658 1846 uirtutes
687 1784 758 1844 tuas
781 1785 850 1845 tum
872 1782 956 1846 hanc
980 1785 1170 1848 constantis-

205 1867 284 1932 sime
305 1871 426 1950 teneas,
453 1887 514 1930 nec
536 1887 687 1948 umquam
713 1866 774 1929 tibi
800 1866 1030 1948 persuadeatur
1051 1867 1171 1932 humile

167 1974 192 2013 ac
205 1973 274 2015 esse
293 1951 432 2035 principi
452 1950 516 2014 nisi
538 1949 652 2014 odisse.
686 1949 949 2016 iucundissimum
965 1952 1062 2016 estin
1076 1953 1171 2016 rebus

205 2035 353 2099 humanis
377 2035 486 2115 amari,
509 2033 646 2098 sednon
660 2035 765 2098 minus
781 2051 897 2099 amare.
926 2058 1061 2120 quorum
1084 2039 1171 2100 utro·

206 2141 266 2203 que
293 2120 340 2183 ita
368 2118 482 2182 frueris
510 2122 562 2201 ut,
600 2138 671 2181 cum
698 2118 768 2200 ipse
795 2119 1016 2185 ardentissime
1045 2122 1171 2205 diligas,

206 2203 309 2267 adhuc
331 2207 441 2266 tamen
462 2201 624 2266 ardentius
647 2202 807 2286 diligaris:
839 2204 979 2288 primum
999 2204 1074 2288 qnia
1095 2206 1172 2270 faci-

206 2287 267 2351 lius
302 2289 351 2350 est
379 2309 479 2350 unum
513 2308 620 2351 amare
654 2309 750 2371 quam
777 2290 909 2373 multos3
950 2289 1064 2354 deinde
1097 2290 1172 2374 quia

167 2390 192 2432 as
205 2371 266 2435 tibi
294 2370 414 2435 amicos
441 2371 515 2436 tuos
542 2371 707 2456 obligandi
737 2371 828 2437 adest
853 2373 990 2438 facultas
1017 2376 1109 2438 tanta
1137 2379 1173 2438 ut

204 2477 299 2519 nemo
322 2458 354 2519 te
377 2457 479 2538 possit
500 2456 563 2520 nisi
584 2456 730 2540 ingratus
752 2478 819 2520 non
841 2458 944 2542 magis
967 2479 1085 2522 amare.

261 2538 437 2604 LXXXVI.
462 2539 584 2623 Operae
609 2541 748 2624 pretium
776 2545 826 2605 est
850 2543 969 2606 referre
996 2542 1079 2626 quod
1106 2546 1173 2607 tor-

205 2625 348 2687 mentum
386 2624 447 2687 tibi
479 2625 654 2688 iniunxeris
691 2646 734 2688 ne
766 2625 842 2709 quid
882 2627 984 2692 amico
1022 2647 1171 2712 negares.

206 2707 356 2772 dimisisti
377 2708 534 2792 optimum
555 2710 659 2774 uirum
685 2708 807 2793 tibique
830 2712 1029 2776 carissimum
1050 2712 1173 2775 inuitus

167 2813 193 2854 co
206 2795 239 2857 et
259 2793 360 2858 tristis
382 2797 415 2858 et
437 2794 528 2877 quasi
548 2795 687 2859 retinere
710 2816 777 2858 non
797 2817 924 2879 posses,
952 2799 1173 2880 quantumque

274 2986 290 3034 3
308 2983 378 3036 dom.
398 2982 447 3034 alii
464 2986 510 3033 W:
530 2983 579 3034 alii
597 2984 666 3038 dom.
684 2986 705 3034 B
722 2987 740 3034 6
759 2985 780 3032 V
796 2981 806 3048 11
827 2985 843 3034 6
861 2983 934 3036 ullus
954 2985 1026 3035 alius
1043 2985 1174 3035 adiectus

208 3051 442 3112 G.H.Selraeferua
455 3047 465 3114 1
478 3051 622 3102 accitasse
634 3053 759 3116 princeps
768 3054 804 3112 Η,
818 3054 1053 3116 transpve.Keiliur
1064 3051 1068 3118 Ι
1079 3057 1175 3118 potest

206 3123 312 3168 alterum
327 3120 420 3168 seclusi
431 3115 442 3183 11
456 3119 486 3166 11
500 3127 635 3184 utrunque
647 3121 680 3168 W
692 3116 702 3181 1
716 3120 746 3167 12
766 3121 831 3181 quia
843 3132 868 3167 w
882 3120 887 3183 1
903 3120 995 3170 iactus
1007 3135 1037 3186 ςε
1055 3119 1128 3170 facis
1141 3122 1174 3169 W

206 3185 274 3234 fatis
291 3186 311 3232 B
330 3187 347 3234 6
365 3187 387 3234 V
421 3183 431 3250 11
466 3187 499 3234 14
521 3187 710 3250 imperatorem
727 3185 843 3236 Keiliue:
863 3188 1015 3252 imperator
1038 3188 1065 3235 1
1088 3190 1175 3251 impe·

207 3256 285 3302 rator
297 3268 327 3302 es
339 3254 471 3303 Liuineius
494 3250 504 3316 1
527 3253 557 3302 17
576 3253 679 3302 amicos
696 3279 730 3288 -
747 3255 788 3308 81.
806 3256 840 3304 26
862 3259 891 3305 et
906 3255 954 3305 ille
972 3255 1082 3387 <puidam
1098 3255 1175 3304 acuet

206 3317 358 3384 Riparere
375 3321 399 3368 R
421 3318 431 3385 1
457 3320 488 3370 18
505 3321 628 3384 reliquas
645 3322 680 3368 B:
701 3320 815 3371 alias!
834 3319 838 3387 1
859 3324 959 3372 tuncB
1018 3324 1049 3373 19
1068 3323 1120 3373 tibi
1137 3323 1174 3370 13:

207 3403 254 3438 orn.
276 3389 305 3434 11
327 3385 337 3452 1
361 3390 394 3438 20
411 3387 544 3452 principis
561 3389 584 3435 B
606 3385 617 3450 11
641 3390 674 3438 23
693 3389 833 3439 ardentius
850 3406 898 3442 ora.
917 3387 967 3456 W!
984 3388 1117 3454 diligeres
1130 3386 1173 3453 311

208 3457 241 3504 15
268 3461 347 3505 tauta
370 3454 492 3504 facultas
516 3457 589 3503 inest
605 3456 628 3502 B
652 3451 662 3518 11
686 3455 718 3504 26
740 3459 831 3519 possit
848 3458 912 3506 tet
936 3455 946 3522 11
975 3459 1007 3506 ⁸28
1031 3451 1095 3522 tibi]
1119 3457 1177 3506 sibi

207 3524 231 3570 B
253 3519 263 3587 1
287 3525 319 3573 29
336 3523 506 3572 rarissimum
524 3523 547 3568 R
571 3517 581 3584 11
602 3524 634 3572 30
653 3528 839 3588 quantumque
857 3526 891 3574 B:
911 3529 1043 3588 quantum
1061 3527 1090 3572 1
