2572 3990
489 227 709 280 PRAEFATIO.
1042 231 1083 280 IX

113 381 266 461 ruptionis
286 401 385 459 genus
406 382 439 440 in
454 381 502 441 bis
524 382 693 444 inuenitur.
720 383 824 461 itaque
844 383 921 442 nihil
940 393 1083 444 curantes
1127 421 1128 424 =

114 467 307 544 singulorum
329 466 497 545 scripturas
520 466 705 545 deprauatas
727 469 956 528 eonsentientes
979 487 1084 528 eorum

114 551 265 610 lectiones
294 551 371 628 siglo
399 549 421 610 0
448 550 498 609 usi
526 549 732 625 exhibuimus,
767 553 828 611 nisi
855 553 979 632 quando
1007 553 1083 612 locis

115 635 252 714 grauiter
278 636 429 713 corruptis
458 634 496 694 de
518 635 648 714 singulis
670 637 779 695 testari
805 655 828 709 6Ι
844 654 878 695 re
904 638 1004 697 uisum
1027 647 1082 697 est.

115 717 155 778 ad
177 719 326 780 familiam
347 718 369 779 0
390 720 551 798 pertinent
573 719 670 780 codex
690 721 825 794 Liuinei,
850 739 939 800 quem
959 720 989 782 V
1008 729 1083 780 nota

115 805 276 884 insigniuit
297 803 368 876 1116,
393 803 585 864 Heinsianus
608 823 626 861 a
649 804 804 864 Scbeffero
827 804 984 865 adhibitus
1008 805 1083 882 (nisi

115 887 194 947 forte
210 888 261 947 bic
283 887 367 948 idem
388 897 434 948 est
456 897 549 967 atque
564 887 775 967 Baginensis),
797 889 993 949 Monacensis
1010 891 1082 950 756.

179 971 355 1032 Communis
383 973 491 1032 itidem
519 973 645 1050 originis
673 982 746 1034 sunt
771 973 844 1034 libri
865 975 1005 1036 Venetus
1030 971 1082 1056 (B)

115 1065 147 1116 et
160 1057 330 1117 Vaticanus
349 1059 430 1117 1776
454 1051 518 1137 (V),
543 1058 659 1138 quippe
681 1060 735 1137 qui
757 1060 789 1118 in
811 1057 996 1119 lectionibus
1019 1060 1082 1138 ple-

113 1159 242 1221 rumque
264 1151 447 1220 congruant.
482 1143 618 1201 cumbis
640 1163 730 1221 porro
754 1143 872 1203 faciunt
894 1143 965 1203 libri
986 1145 1082 1205 Mala·
1156 1169 1158 1173 ’

113 1227 266 1285 tertianus
289 1235 320 1286 et
343 1225 539 1286 Gelbertinus
561 1225 693 1286 Pithoni.

176 1309 266 1370 Licet
293 1320 396 1372 autem
422 1309 444 1371 0
473 1312 549 1370 satis
580 1311 720 1372 diuersus
748 1313 789 1372 sit
816 1333 834 1372 a
860 1311 944 1387 BV,
977 1322 1081 1374 tamen

114 1394 224 1455 eodem
246 1415 313 1454 cum
333 1395 382 1455 his
404 1395 499 1454 utitur
521 1405 659 1474 parente.
704 1395 786 1476 quod
808 1405 843 1456 ut
865 1396 1080 1474 demonstrem,

114 1479 285 1540 adscribam
313 1499 361 1541 ex.
384 1501 430 1559 gr.
454 1500 493 1540 ex
514 1499 586 1559 pan.
602 1481 667 1541 VH
695 1500 747 1540 eos
771 1481 855 1542 locos
884 1482 995 1561 quibas
1017 1492 1080 1544 tres

112 1564 159 1624 illi
178 1563 250 1624 libri
272 1574 379 1624 cenna
393 1563 432 1625 W
453 1564 521 1626 siue
542 1567 576 1625 in
590 1565 755 1626 uerborum
778 1567 992 1628 omissionibus
1014 1569 1082 1630 siue

113 1649 145 1707 in
168 1649 326 1728 scripturis
350 1647 527 1728 deprauatis
550 1652 763 1710 consentiant:
801 1651 841 1708 61.
864 1671 895 1728 p.
921 1653 997 1725 160,
1022 1655 1080 1729 24;

116 1734 184 1812 161,
208 1734 238 1806 8,
263 1735 312 1808 17,
336 1734 392 1811 313
418 1735 488 1805 163,
512 1733 546 1808 53
573 1734 642 1804 164,
661 1729 722 1809 19;’
740 1735 810 1806 165,
833 1735 862 1806 8,
880 1737 929 1806 11,
952 1736 1002 1809 23,
1022 1739 1079 1812 26,

116 1819 183 1891 169,
209 1818 264 1894 21,
298 1819 367 1891 170,
393 1822 420 1891 1,
445 1818 495 1890 27,
519 1817 576 1893 32;
607 1817 677 1890 172,
701 1819 737 1893 33
772 1819 842 1890 173,
868 1820 896 1890 6,
923 1819 976 1896 18;
1009 1823 1078 1895 175,

114 1901 169 1977 25;
195 1903 266 1974 176,
291 1902 340 1974 14,
365 1903 404 1961 26
427 1911 500 1961 ectr.
525 1933 568 1942 -—
594 1901 679 1962 unde
701 1903 802 1962 elucet
822 1901 862 1962 W
884 1903 929 1962 eis
953 1904 992 1964 de
1014 1907 1080 1983 qui-

113 1984 169 2044 bus
197 1986 289 2045 modo
313 1985 378 2045 dixi
398 1986 485 2045 libris
507 1985 646 2046 bonitate
673 1987 718 2046 ita
738 1988 926 2066 superiorem
954 2009 1021 2049 esse
1047 1997 1081 2049 ut

114 2078 144 2128 et
165 2070 337 2147 pleniorem
359 2078 390 2129 et
408 2072 563 2149 puriorem
583 2070 747 2131 uerborum
769 2079 946 2134 contextum
967 2073 1080 2134 tradat.

114 2163 144 2213 61
165 2173 240 2213 sane
268 2155 319 2213 bic
340 2153 420 2214 liber
444 2157 527 2215 inter
555 2155 685 2233 optimos
715 2156 849 2215 omniurn
871 2159 924 2235 qui
946 2167 1081 2218 aetatem

112 2239 250 2298 tulerunt
271 2238 411 2299 codicum
439 2248 520 2298 esset
541 2240 767 2314 numerandus,
796 2241 855 2300 nisi
882 2241 967 2301 illam
989 2261 1081 2322 quam

113 2342 208 2401 supra
230 2323 464 2384 commemoraui
484 2321 587 2383 labem
609 2325 787 2403 accepisset.
821 2345 905 2385 nunc
926 2346 994 2386 curn
1017 2348 1079 2388 cor-

113 2416 215 2466 rector
233 2407 267 2466 in
283 2425 319 2466 eo
335 2415 489 2487 grassatus
507 2408 556 2480 sit,
579 2408 664 2468 baud
679 2409 785 2487 paucis
800 2409 886 2483 locis,
909 2411 962 2470 ubi
976 2409 1002 2469 Β
1017 2409 1039 2470 0
1053 2411 1080 2472 V

111 2510 168 2551 nos
199 2491 360 2565 deficiunt,
398 2491 472 2570 quid
505 2493 675 2570 antiquitus
702 2493 849 2554 traditum
875 2493 915 2553 sit
942 2496 1078 2573 ignoras.

111 2573 162 2634 bie
190 2585 292 2638 autem
317 2576 378 2635 1661
400 2576 492 2655 paulo
521 2579 692 2637 accuratius
716 2577 755 2638 de
778 2579 959 2639 correcturis
985 2581 1018 2638 in
1040 2579 1080 2640 W

113 2658 212 2718 obuiis
240 2658 315 2719 mibi
343 2658 498 2739 agendum
524 2669 579 2722 est.
622 2669 743 2722 tantum
766 2661 848 2722 enim
870 2662 958 2723 abest
977 2672 1013 2723 ut
1036 2664 1079 2724 eis

111 2752 232 2803 tantum
257 2744 333 2804 locis
359 2744 469 2823 quibus
495 2743 575 2806 falsa
596 2745 712 2807 tradita
739 2767 806 2807 esse
835 2748 865 2807 ei
892 2745 1080 2809 uidebantur

112 2847 239 2906 operam
271 2830 395 2888 nauarit
423 2829 530 2888 dectus
562 2829 616 2889 ille
643 2830 757 2904 Italus,
791 2840 826 2890 ut
855 2849 1078 2910 saepenumero

109 2911 260 2972 lectiones
290 2932 358 2973 cum
387 2912 412 2972 Β
440 2912 462 2973 (1
489 2911 518 2972 V
547 2923 753 2989 congruentes
786 2916 962 2974 coniectura
994 2916 1079 2974 resti·

110 2997 212 3056 tuerit.
240 2996 314 3056 mibi
333 2998 439 3076 itaque
460 3016 524 3056 non
541 2995 668 3056 dubium
690 3005 736 3056 est
751 2999 826 3076 quin
840 2997 924 3058 band
939 3019 1008 3058 raro
1025 2998 1079 3061 ille

111 3099 210 3140 meros
233 3082 299 3141 eius
321 3082 374 3159 qui
393 3080 433 3141 W
456 3083 596 3140 exarauit
616 3080 734 3141 librarii
757 3100 874 3142 errores
897 3085 1078 3160 eorrexerit,

112 3165 196 3225 euius
224 3166 270 3224 rei
297 3166 422 3224 unicum
444 3165 557 3224 sufficit
578 3165 637 3226 boc
664 3166 773 3226 afferre
802 3168 974 3246 exemplum
996 3170 1081 3248 quod

110 3248 226 3328 ubique
248 3249 315 3308 fere
336 3249 493 3331 litterulae
516 3250 570 3309 ‘et'
585 3251 627 3309 in
649 3270 757 3312 rasura
778 3259 851 3310 sunt
871 3251 1019 3332 scriptae,
1044 3263 1080 3314 ut

112 3334 246 3393 conicias
274 3333 415 3411 primitus
444 3352 496 3393 eas
524 3335 615 3394 solito
643 3335 826 3415 compendio
857 3333 908 3414 (ds)
938 3347 1079 3399 exaratas

110 3417 215 3478 fuisse.
262 3426 397 3478 ceterum
424 3437 609 3497 quamquam
635 3428 828 3481 correcturae
853 3421 926 3481 illae
949 3420 1080 3500 plerum·

112 3520 172 3579 que
202 3503 296 3562 erasis
319 3501 472 3582 prioribus
500 3503 657 3582 scripturis
679 3505 780 3566 factae
807 3513 880 3564 sunt
901 3505 1034 3583 ideoque
1062 3525 1080 3562 a
