2582 3992
408 246 568 297 'ramiro
590 246 623 296 n.
648 249 756 298 re-sr.
1023 244 1063 308 75

91 396 241 481 gularum
271 396 367 460 etiam
397 396 575 460 ciuitatium
600 396 747 478 precibus
776 398 931 458 occurrat.
975 395 1064 459 nulla

93 484 129 546 in
152 479 311 544 audiendo
335 480 523 564 difficultas,
545 480 634 544 nulla
656 480 692 543 in
713 479 935 562 respondendo
957 501 1061 543 mora:

92 567 214 630 adeunt
237 566 357 647 statim,
382 565 589 628 dimittuntur
611 565 737 648 statim;
764 565 955 647 tandemque
976 565 1064 647 prin·

94 650 174 734 cipis
198 650 284 713 fores
307 649 434 713 exclusa
457 649 656 733 legationum
677 649 773 712 turba
795 670 862 712 non
885 648 1020 712 obsidet.

158 731 288 798 LXXX.
334 733 439 809 Quid?
477 733 512 797 in
534 733 682 798 omnibus
706 733 944 817 cognitionibus
967 748 1090 816 quam5

93 819 182 900 mitis¹
205 817 369 901 seueritas
392 840 488 903 quam
510 840 577 882 non
598 817 754 882 dissoluta
776 817 960 882 clementia!
995 836 1064 879 non

93 909 130 966 tn
152 902 378 986 locupletando
403 903 481 967 fisco
504 906 655 986 operatus
678 902 782 985 sedes,
813 903 874 966 nec
896 901 982 965 eliud
1003 901 1064 964 tibi

94 989 274 1052 sententiae
296 991 369 1051 tuae
391 990 531 1071 pretium
553 988 751 1072 quambene
773 986 939 1051 iudicasse.
977 988 1065 1049 stant

95 1077 172 1136 ante
194 1075 227 1135 te
248 1071 429 1156 litigatores
451 1093 518 1136 non
540 1073 579 1136 de
601 1073 739 1136 fortunis
762 1072 845 1153 suis,
869 1071 924 1135 sed
947 1070 986 1134 de
1008 1073 1064 1133 tua

95 1155 331 1220 existimatione
365 1157 511 1240 solliciti,
547 1179 609 1222 nec
637 1160 706 1220 tam
738 1160 893 1220 uerentur
922 1155 998 1239 quid
1025 1155 1063 1218 de
1078 1170 1102 1209 1⁰

96 1263 191 1305 causa
219 1263 276 1304 sua
305 1263 400 1325 quam
422 1241 498 1326 quid
526 1243 564 1305 de
587 1242 730 1305 moribus
758 1241 889 1304 sentias.
933 1259 1064 1302 oueras

95 1325 251 1409 principis
288 1331 383 1408 atque
420 1327 518 1389 etiam
554 1325 606 1390 dei
644 1329 739 1390 curas
772 1323 979 1389 reconciliare
1012 1345 1064 1386 ae·

94 1409 198 1474 mulas
233 1410 379 1474 ciuitates
411 1413 637 1494 tumentesque
664 1409 800 1496 populos
833 1430 898 1474 non
931 1407 1065 1490 imperio

94 1495 200 1577 magis
227 1515 323 1577 quam
344 1495 469 1558 ratione
492 1516 703 1578 compescere,
731 1493 927 1558 intercedere
949 1493 1065 1576 iniqui·

95 1581 216 1642 tatibus
241 1579 490 1663 magistratuum
516 1580 735 1663 infectumque
761 1578 892 1643 reddere
915 1576 1103 1660 quicquid1⁵

94 1664 164 1727 fieri
197 1684 263 1727 non
296 1665 488 1747 oportuerit,
526 1667 690 1747 postremo
724 1662 917 1726 uelocissimi
951 1661 1065 1724 sideris

95 1769 184 1812 more
207 1749 316 1812 omnia
337 1749 492 1830 inuisere,
527 1749 635 1812 omnia
658 1749 766 1812 audire
792 1751 824 1810 et
845 1745 1065 1827 undecumque

95 1835 277 1896 inuocatum
304 1834 414 1897 statim
441 1832 530 1896 uelut
558 1854 675 1899 numen
703 1831 813 1896 adesse
842 1835 874 1893 et
901 1829 1064 1893 assistere!

95 1917 177 1982 talia
206 1939 274 1980 esse
301 1918 489 1982 crediderim
516 1939 598 2002 quae
620 1918 690 2004 ipse
712 1915 824 1980 mundi
846 1935 962 1999 parens
983 1915 1065 1977 tem-

94 2004 189 2086 perat
219 2005 314 2085 nutu,
354 2003 510 2086 siquando
542 2001 651 2066 oculos
678 2001 809 2066 demisit
841 2001 876 2063 in
903 2002 1006 2062 terras
1034 2000 1067 2061 et
1079 2013 1104 2052 20

95 2087 165 2150 fata
186 2085 371 2150 mortalium
399 2089 484 2150 inter
505 2085 615 2150 diuina
642 2108 741 2171 opera
762 2105 931 2149 numerare
954 2083 1066 2166 digna-

95 2176 148 2234 tus
177 2174 242 2234 est:
285 2193 348 2254 qua
375 2193 462 2235 nunc
494 2175 585 2254 parte
612 2172 693 2235 liber
724 2171 911 2253 solutusque
938 2170 1066 2231 tantum

96 2254 187 2319 caelo
215 2261 325 2339 uacat,
352 2259 524 2339 postquam
545 2260 578 2319 te
601 2255 688 2320 dedit
710 2255 765 2338 qui
787 2275 865 2338 erga
894 2273 988 2316 omne
1011 2252 1066 2314 ho-

95 2340 219 2403 minum
247 2361 351 2424 genus
382 2341 452 2402 uice
481 2361 538 2403 sua
566 2339 757 2423 fungereris.
807 2337 952 2422 fungeris
981 2336 1066 2399 enim

95 2423 281 2505 sufficisque
308 2424 492 2505 mandanti,
528 2445 601 2487 eum
628 2423 690 2487 tibi
717 2423 784 2486 dies
812 2422 916 2486 omnis
942 2441 1066 2484 summa
1080 2436 1105 2475 25

86 2529 169 2656 *qum
198 2507 338 2572 utilitate
369 2512 494 2592 nostra,
529 2529 654 2571 summa
682 2529 754 2572 cum
783 2511 841 2570 tua
869 2504 963 2569 laude
993 2524 1067 2567 con-

120 2597 204 2656 atur.

159 2673 308 2740 LXXXI.
353 2675 473 2753 Quodsi
496 2677 622 2762 quando
645 2699 717 2740 cum
739 2675 947 2740 influentibus
969 2694 1067 2756 nego-

96 2761 152 2825 tiis
175 2761 267 2845 paria
288 2761 410 2844 fecisti,
440 2762 542 2826 instar
566 2761 751 2824 refectionis
780 2759 943 2824 existimas
966 2761 1068 2820 muta·

99 2934 306 2943 --.-—.-....

167 3039 181 3084 1
202 3037 347 3085 ciuitatum
364 3035 411 3097 Il
427 3035 573 3100 praecibus
591 3036 626 3082 11:
648 3033 775 3097 presidiis
793 3033 820 3078 Μ
840 3033 844 3094 Ι
865 3029 984 3078 occurrit
1001 3030 1034 3075 W
1054 3025 1066 3092 ll

96 3104 215 3168 dquam
238 3105 325 3154 σιω
357 3105 361 3168 Ι
394 3104 541 3153 clementia
564 3103 650 3152 cuiR
672 3099 827 3151 clementia.
855 3111 936 3161 quam
960 3103 991 3158 tu
1014 3111 1069 3145 non

96 3171 215 3221 Haustus
232 3173 300 3224 misc.
319 3173 380 3235 pled.
399 3171 433 3220 11
453 3173 492 3220 19.
516 3169 526 3236 lt
548 3173 563 3220 'l
585 3174 616 3220 tu
634 3177 661 3219 et
677 3174 809 3232 operatas
826 3170 863 3216 B:
888 3181 933 3216 om.
951 3166 980 3211 Π
1003 3161 1013 3229 ss
1038 3167 1069 3214 10

88 3238 302 3290 existimatione
322 3241 358 3288 13:
387 3239 610 3288 extimationem
639 3234 649 3302 ΙΙ
680 3239 711 3286 11
734 3236 839 3286 sentias
861 3234 933 3298 139:
961 3238 1068 3282 senten·

96 3306 153 3356 ties
172 3308 201 3353 Π
230 3305 235 3368 1
267 3321 284 3356 o
301 3321 383 3358 ueras
402 3305 563 3370 (reinerus)
581 3308 617 3354 B:
643 3322 659 3354 o
677 3319 743 3354 uere
761 3303 789 3350 Μ
818 3301 828 3368 ΙΙ
862 3303 893 3349 12
916 3296 1010 3366 atque]
1030 3302 1070 3350 tic

98 3374 193 3426 deeim't
211 3375 235 3422 Β
256 3372 260 3437 Ι
286 3373 331 3424 dei
349 3389 430 3424 curas
448 3374 563 3424 Keilius:
581 3373 696 3423 decoras
714 3373 747 3420 W
764 3369 874 3421 decoris
892 3368 912 3416 B
930 3370 947 3416 0
965 3367 988 3414 V
1005 3381 1071 3416 con·

98 3440 174 3496 salis,
188 3440 334 3492 Celaeneus
351 3440 361 3505 ΙΙ
380 3445 411 3493 13
431 3447 623 3505 tumentesque
642 3442 662 3489 B
680 3441 727 3488 W:
747 3440 928 3503 timentesque
947 3437 964 3483 0
981 3431 1025 3499 Vll
1039 3436 1071 3484 17

98 3509 175 3558 adire
193 3509 327 3560 Liuineius
350 3509 360 3577 ll
386 3511 417 3559 18
436 3524 536 3559 numen
555 3511 615 3559 odd.
633 3509 709 3561 edd:
727 3524 773 3558 om.
791 3508 819 3555 n
837 3505 848 3572 ll
868 3508 901 3556 20
919 3508 1021 3553 terram
1038 3502 1071 3550 W

99 3573 112 3640 ll
133 3579 167 3626 24
185 3577 309 3642 fungeris
328 3578 404 3642 sung.
423 3578 443 3626 B
461 3577 581 3642 fungens
600 3577 677 3640 fang.
696 3589 721 3624 w
741 3573 751 3640 ss
774 3577 806 3625 29
825 3569 1020 3623 imationemc
