2578 4000
214 192 276 256 194
324 165 327 174 ¹
535 191 862 244 1x.1ucnarrrru.
962 179 970 196 '

136 360 142 370 ¹
212 363 363 428 praesens
385 343 513 408 hortata
535 346 584 407 est
604 343 755 407 maiestas
777 345 828 426 ut,
855 343 1004 406 omnibus
1026 343 1095 408 fere
1117 344 1185 408 tuis

213 427 382 493 comitibus
405 431 438 491 et
460 427 593 492 ducibus
616 449 684 492 non
707 427 809 491 solum
830 428 928 491 tacite
950 427 1181 511 mussantibus
1271 435 1272 468 ³

213 513 389 576 sedetiam
417 515 527 595 aperte
549 512 752 592 timentibus,
783 515 894 576 contra
923 511 1059 576 consilia
1081 512 1184 576 homi-

212 619 300 678 num,
326 599 438 660 contra
452 595 659 680 haruspicum
681 595 803 660 monita
826 597 894 680 ipse
909 617 967 680 per
981 599 1083 661 temet
1106 597 1183 662 libe-

188 699 200 739 ⁵
212 681 331 746 rendae
345 681 435 746 urbis
449 684 575 765 tempus
596 681 724 745 uenisse
742 681 901 745 sentires?
923 680 1022 745 habes
1035 681 1183 765 profecto

213 765 342 850 aliquod
366 787 438 830 cum
459 765 515 829 illa
535 770 643 829 mente
666 765 791 846 diuina,
822 764 1050 847 Constantine,
1081 787 1182 832 secre-

212 855 292 934 tum,
314 872 397 934 quae
415 850 562 935 delegata
583 850 687 914 nostri
702 850 750 914 dis
772 850 949 914 minoribus
972 871 1050 914 cura
1072 851 1131 914 uni
1149 873 1185 916 se

212 935 273 999 tibi
284 935 438 1020 dignatur
448 936 626 999 ostendere.
646 934 798 1018 alioquin,
809 934 985 1000 fortissime
995 934 1040 998 im
1065 938 1182 1016 erator,

214 1021 259 1084 sic
281 1040 421 1104 quoque,
449 1041 520 1084 cum
542 1019 673 1101 uicaria,
700 1019 796 1083 redde
818 1021 985 1084 rationem.
1063 1019 1185 1084 henum,

175 1109 249 1176 10,tu
276 1105 405 1189 quidem
432 1107 501 1168 toto
533 1103 634 1167 limite
661 1103 825 1187 dispositis
858 1103 1049 1168 exercitibus
1077 1107 1183 1167 tutum

212 1189 398 1272 reliqueras,
421 1187 477 1252 sed
496 1188 558 1253 hoc
578 1188 715 1252 maiores
735 1209 794 1272 pro
808 1191 841 1252 te
860 1189 1057 1272 suscepimus
1077 1191 1186 1252 metus

213 1273 298 1357 quod
319 1274 414 1338 nobis
435 1273 543 1358 potius
565 1293 661 1355 quam
680 1271 742 1336 tibi
764 1272 951 1337 consulebas
973 1275 1184 1356 nostramque

212 1379 324 1442 pacem
345 1357 450 1442 magis
472 1379 568 1441 quam
583 1357 702 1421 bellum
725 1358 809 1440 quod
830 1356 1058 1442 aggrediebare
1077 1357 1185 1422 firma·

212 1464 315 1509 uerae.

175 1545 201 1586 1⁵
265 1525 336 1590 ¹111.
381 1525 432 1589 Ne
453 1528 505 1606 tu,
534 1526 723 1609 imperator,
750 1525 851 1590 nimio
872 1527 973 1590 nostri
997 1546 1107 1589 amore
1129 1547 1185 1590 ne·

214 1610 302 1673 scisti
324 1609 364 1672 ad
386 1609 590 1674 securitatem
612 1610 706 1674 nobis
728 1631 803 1674 uere
824 1609 1009 1693 prouidere,
1040 1612 1184 1694 quinon
1272 1677 1273 1680 ,

213 1695 321 1758 omnia
349 1697 456 1757 tecum
490 1716 578 1758 arma
610 1693 758 1777 mouisti,
791 1715 863 1758 cum
894 1696 950 1758 tua
982 1696 1185 1760 conseruatio

213 1779 299 1843 salus
326 1782 438 1842 nostra
465 1780 517 1842 sit.
562 1779 691 1862 etquid
713 1799 792 1862 opus
819 1782 888 1843 erat
909 1778 973 1863 ipsi
994 1778 1112 1844 Rheno
1134 1780 1183 1844 in-

214 1863 345 1927 structis
368 1866 401 1926 et
421 1863 577 1929 militibus
600 1868 633 1926 εὴ
655 1862 826 1946 classibus,
855 1884 950 1947 quem
972 1864 1035 1928 iam
1058 1863 1183 1948 pridem
1272 1899 1273 1934 ÷

175 1967 200 2006 20
213 1946 358 2011 barbaris
381 1947 566 2012 nationibus
587 1947 717 2012 uirtutis
736 1951 809 2011 tuae
829 1951 932 2012 terror
954 1947 1184 2014 obstruxerat?

213 2053 255 2095 an
278 2034 440 2095 ostentare
461 2030 591 2094 uoluisti
613 2030 816 2116 diligentiam
831 2035 930 2116 tuam,
953 2032 1064 2098 diuisis
1083 2033 1184 2117 copiis

212 2116 297 2179 inter
326 2114 502 2178 custodiam
523 2114 611 2197 pacis
640 2119 673 2180 et
695 2114 796 2180 belli?
841 2139 882 2181 an
905 2117 1001 2181 etiam
1023 2118 1184 2182 iactanter

213 2202 246 2262 et
267 2199 406 2282 gloriose
426 2199 563 2282 probare
583 2197 769 2264 liberandae
791 2201 864 2265 urbi
884 2205 917 2266 te
940 2201 1088 2267 sufficere
1112 2224 1184 2267 cum

212 2282 346 2366 paucis?
369 2282 423 2346 uix
446 2282 531 2346 enim
551 2287 665 2366 quarta
679 2288 772 2368 parte
795 2286 952 2350 exercitus
976 2289 1090 2350 contra
1112 2308 1184 2351 cen-

174 2383 200 2426 as
211 2369 281 2430 tum
314 2367 405 2432 milia
439 2371 634 2432 armatorum
662 2369 805 2434 hostium
832 2369 932 2454 Alpes
958 2373 1050 2434 trans
1093 2392 1183 2436 essus

213 2471 262 2534 es,
297 2457 334 2516 ut
361 2456 530 2535 appareret
555 2454 685 2536 penitus
720 2454 993 2518 considerantibus
1026 2456 1050 2535 (i
1099 2455 1184 2539 quod

212 2556 273 2599 nos
304 2536 394 2632 fugit
420 2538 469 2600 tui
502 2558 608 2601 amore
639 2538 852 2623 trepidantes)
885 2560 952 2603 non
980 2539 1112 2604 dubiam
1140 2543 1183 2621 te,

213 2617 269 2683 sed
290 2641 481 2703 promissam
508 2621 664 2686 diuinitus
691 2627 800 2707 petere
826 2624 1003 2688 uictoriam.
1048 2624 1185 2689 duxerat
1273 2689 1274 2696 a

212 2725 367 2789 magnum
390 2704 525 2770 Seuerus
555 2709 744 2772 exercitum:
782 2710 816 2771 at
840 2707 965 2772 hostem
992 2729 1085 2772 suum
1114 2730 1183 2805 per-

174 2809 199 2847 eo
212 2789 288 2854 fidia
324 2789 468 2854 desertus
505 2795 693 2856 armauerat.
751 2793 887 2857 maiores
922 2796 1035 2877 postea
1074 2813 1184 2877 copias
1273 2847 1274 2852 ,

212 2873 426 2939 Maximianus
447 2874 648 2940 admouerat:
672 2883 707 2942 at
722 2877 837 2960 etipse
851 2877 1031 2961 transfugis
1049 2877 1183 2942 circum-

214 2959 297 3023 cisus
319 2959 489 3023 uidebatur
506 2981 656 3043 prospere
678 2962 846 3045 refugisse.
875 2962 944 3046 ipse
967 2962 1106 3045 denique
1129 2962 1184 3046 qui

280 3181 295 3228 6
315 3180 422 3245 aliquid
440 3183 476 3244 Π,
494 3197 564 3232 corr.
581 3183 714 3232 Liuineius
726 3180 736 3247 ΙΙ
755 3184 769 3231 'l
787 3183 891 3234 nostris
909 3185 942 3232 W
955 3181 964 3248 ΙΙ
984 3185 1016 3234 15
1033 3183 1148 3235 minimo
1167 3185 1184 3231 0

213 3244 226 3310 [l
248 3248 279 3296 16
298 3248 411 3311 prouide
428 3250 451 3298 Δ
472 3246 482 3314 ΙΙ
506 3251 538 3300 18
557 3254 616 3298 erat
635 3264 703 3312 opus
722 3252 739 3298 0
761 3246 771 3314 ΙΙ
794 3253 825 3301 19
845 3246 935 3316 quem]
956 3265 1008 3315 que
1027 3252 1050 3300 Δ
1067 3251 1102 3300 W
1119 3249 1130 3316 ll
1151 3253 1183 3300 21

211 3313 360 3364 noluistic
390 3313 399 3380 ΙΙ
429 3319 462 3365 22
480 3331 516 3365 an
534 3331 564 3382 ςε
582 3317 674 3366 autu
702 3314 713 3381 11
742 3319 775 3367 25
793 3318 877 3383 Alpes
895 3335 941 3370 om.
960 3319 993 3368 W
1016 3315 1026 3384 ll
1052 3320 1086 3368 26
1105 3319 1186 3384 peul-
1272 3355 1274 3360 ,

211 3369 1274 3452 mmmmmmunmmarmmmumffl:l

212 3451 241 3497 et
257 3449 284 3496 Π
313 3446 323 3512 ΙΙ
352 3451 385 3500 31
404 3455 434 3500 at
452 3451 557 3501 addidi:
576 3467 621 3501 om.
639 3451 667 3498 Μ
690 3452 695 3514 Ι
720 3453 939 3505 circumclausa
957 3454 1046 3505 Bert..·
1066 3455 1185 3506 eircum-

210 3514 277 3565 cisia
295 3515 337 3578 W,
357 3530 403 3566 cnr.
421 3517 441 3564 B
460 3519 517 3566 cll
