2586 3996
169 199 233 263 244
511 200 559 251 ΧΙ.
585 199 796 250 MAMERTINI

171 352 346 415 ambitione
374 350 424 412 sui
452 349 610 434 gaudent3
645 371 704 413 nec
732 349 847 434 aliquis
876 349 1016 414 habendi
1042 373 1139 434 quam

169 436 344 519 plurimum
374 438 493 516 metus,
528 433 583 497 sed
611 433 646 497 in
671 437 763 498 tante
787 435 943 498 bonorum
972 433 1140 502 affluentia

170 541 289 604 magna
310 519 503 583 uerecundia
523 538 589 582 non
612 517 761 582 habendi.
801 517 854 582 hic
876 518 1012 602 denique
1035 524 1139 586 status

170 625 276 668 rerum
299 607 405 668 estut
427 602 621 667 obtinendae
643 603 749 687 potius
766 602 931 667 felicitatis
952 608 1063 668 uotum
1085 627 1140 691 gc-

145 711 277 753 sramus
300 710 395 772 quam
419 686 584 836 aufiendac
606 687 822 771 cupiditatem.
850 710 950 752 unum
972 689 1067 753 modo
1091 694 1140 754 cst

170 795 234 857 quo
248 773 318 838 fieri
338 773 441 856 possit
486 793 558 835 ome
573 771 705 856 felicior,
728 772 903 836 maximum
920 773 1059 857 quidem,
1084 775 1141 838 sed

169 862 279 922 tamen
300 856 413 940 solum,
438 860 475 921 ut
489 855 738 921 Constantinum
759 859 1018 921 conseruatorem
1036 881 1139 943 suum,

170 947 206 1006 ut
234 943 434 1006 beatissimos
463 941 615 1006 Caesares
644 941 765 1024 uideat,
797 945 834 1004 ut
861 941 988 1005 fruendi
1016 945 1140 1026 copiam

170 1048 228 1110 pro
255 1026 404 1090 desiderii
430 1026 525 1089 modo
553 1025 675 1108 capiat,
708 1029 744 1090 ut
771 1047 831 1089 uos
859 1026 971 1090 alacris
1000 1027 1141 1112 excipiat

133 1133 158 1174 ro
171 1111 218 1258 di,
240 1132 315 1258 ppnp
337 1110 383 1173 rei
406 1110 552 1194 publicae
574 1109 656 1173 ratio
678 1109 802 1194 digredi
821 1111 950 1193 feeerit,
972 1117 1141 1194 receptura

191 1219 248 1260 mn
278 1218 320 1258 a.

627 1789 689 1862 XI.
1028 1813 1032 1816 ,

308 1941 588 2040 CLAUDII
615 1939 1008 2038 MAMERTINI

234 2105 757 2170 GRATIARUM
817 2105 1080 2170 ACTIO

137 2259 159 2297 ιε,
336 2244 386 2293 nn
406 2242 626 2294 consonum]
643 2243 713 2294 suo
731 2243 885 2295 rumano
904 2244 978 2294 me.

236 2391 262 2456 l.
307 2392 379 2456 Etsi
402 2394 467 2456 scio
489 2396 538 2475 te,
566 2394 755 2476 imperator,
785 2397 816 2456 et
838 2395 967 2457 cunctos
991 2393 1045 2476 qui
1069 2414 1150 2458 com.

174 2476 281 2541 silium
302 2482 393 2540 tuum
409 2478 607 2560 participant
629 2499 722 2560 posse
743 2478 853 2542 mirari
875 2476 958 2560 quod
980 2498 1070 2542 nuno
1091 2479 1145 2541 de-

174 2583 260 2624 mum
283 2563 404 2646 gratias
427 2583 523 2645 agere
547 2567 676 2626 exorsus
699 2584 785 2644 sum,
815 2561 907 2645 quasi
928 2561 1085 2626 beneficia
1108 2563 1145 2625 in

173 2667 224 2708 me
246 2647 301 2709 tua
330 2647 494 2729 coeperint
517 2669 535 2710 a
558 2647 742 2712 consulatu:
778 2646 904 2710 fatebor
926 2650 1035 2709 tamen
1058 2646 1145 2729 quod

135 2749 160 2786 20
174 2731 298 2815 ingenii
327 2732 415 2794 cuins
444 2752 495 2793 me
517 2730 662 2814 poenitet
690 2731 833 2794 conscius
862 2731 959 2794 etiem
986 2751 1074 2794 nunc
1096 2734 1145 2794 ta-

175 2837 246 2880 cere
272 2816 445 2880 noluissem
477 2817 509 2879 et
536 2837 748 2898 prorumpens
775 2815 851 2879 licet
876 2815 971 2879 huius
1000 2815 1144 2878 muneris

175 2900 325 2982 gaudium
347 2901 431 2964 intra
455 2921 589 2964 arcanae
613 2900 754 2963 laetitiae
781 2900 1012 2964 conscientiam
1034 2899 1144 2963 coher-

129 3007 130 3012 ’
176 3005 254 3050 cere.
292 2985 348 3048 sed
370 2985 437 3048 siue
459 3006 599 3048 errorem
621 2988 766 3047 nostrum
789 2984 856 3048 siue
879 2983 1047 3048 consilium
1070 3005 1146 3047 con·

174 3074 266 3152 gesta
289 3072 321 3132 et
336 3073 523 3134 coaceruata
544 3070 579 3132 in
595 3090 692 3132 unum
707 3069 862 3132 beneficia
883 3068 1033 3132 uicerunt
1047 3071 1145 3151 atque

137 3168 162 3206 25
174 3153 209 3215 in
231 3153 263 3216 id
285 3154 478 3238 redegerunt
498 3153 699 3218 necessitatis
722 3153 907 3237 ambiguum
929 3155 965 3216 ut
987 3151 1067 3216 mihi
1090 3157 1147 3216 aut

244 3391 259 3437 5
282 3392 443 3454 cupiditatis
461 3393 499 3454 Η,
522 3409 591 3443 corr.
608 3391 791 3442 Ritterslrusius
820 3390 830 3456 ΙΙ
861 3391 981 3441 leolum
999 3407 1054 3442 non
1074 3367 1147 3440 Gon·

176 3457 298 3506 stantius
318 3473 391 3507 cons.
409 3460 432 3507 Α
452 3457 463 3523 ΙΙ
486 3462 502 3508 9
520 3466 552 3510 ut
570 3459 660 3510 sert:
681 3464 708 3508 et
725 3461 752 3507 Π
773 3457 783 3524 ΙΙ
804 3461 836 3508 16
855 3459 1002 3524 Imperator
1018 3459 1147 3524 Auguste

176 3523 250 3574 Bert.
274 3521 284 3587 ΙΙ
310 3526 341 3573 18
359 3525 410 3573 sim
430 3526 504 3588 Gucp.
530 3523 540 3590 ΙΙ
563 3529 596 3576 22
614 3541 718 3576 arcana
735 3528 769 3574 W
793 3526 803 3592 ΙΙ
827 3529 860 3578 25
877 3525 1038 3594 redigerunt
1055 3527 1088 3574 W
