2582 3992
293 196 366 250 rso
384 195 665 250 Rasraussunrs
684 197 823 250 scoms.
847 201 922 250 5—7.
1029 197 1087 260 121

119 347 161 412 ad
179 346 317 431 pristine
338 366 409 410 mea
431 347 537 410 studia
559 346 680 410 aditum
701 347 886 412 molientem
909 347 990 429 (licet
1002 346 1089 412 hunc

119 431 185 516 ipsi
206 431 328 514 palatio
349 431 451 514 patris
480 431 529 494 sui
553 452 669 494 munus
697 431 871 516 inuenerit)
898 431 1004 515 ipsum
1026 433 1088 496 ius·

119 515 200 582 serit
222 515 408 599 disciplinas
435 517 512 578 artis
535 515 694 580 oratoriae
716 518 890 580 retractare
918 519 951 579 et
971 517 1090 580 medio-

121 620 209 665 crem
242 599 370 684 quidem
401 620 460 683 pro
492 599 623 684 ingenio
655 621 726 664 meo
758 605 935 683 naturaque
964 621 1087 684 uocem,

121 684 273 750 caelestia
305 687 414 748 tamen
446 683 546 748 uerba
582 687 614 748 εὴ
643 684 753 748 diuina
781 705 875 749 sensa
906 684 1114 768 principums

120 768 324 854 prolocutum
345 769 385 832 eb
408 769 533 834 arcanis
555 789 717 832 sacrorum
736 768 948 852 penetralium
970 768 1011 832 ad
1024 769 1088 852 pri-

119 855 197 918 uata
222 852 386 917 Musarum
415 853 512 936 adyta
538 853 752 936 transtulerim
786 874 853 917 non
879 854 988 936 utique
1015 855 1090 936 quia

120 936 212 1020 mihi,
235 958 336 1020 quem.
355 937 455 1022 (quod
471 937 540 1002 sine
562 937 684 1002 inuidia
699 937 846 1022 dixerim)
869 940 961 1001 tanta
977 937 1089 1022 digna-

120 1022 210 1086 tione
238 1021 370 1105 respicit
399 1024 520 1104 quanta
547 1043 605 1105 pro
634 1023 765 1088 summis
792 1021 967 1086 honoribus
995 1023 1090 1086 debet

121 1105 269 1170 sufficere
297 1106 451 1189 sapienti,
479 1106 578 1170 uellet
607 1107 726 1190 aliquid
754 1106 903 1190 imposita
928 1107 991 1169 ista
1017 1127 1089 1190 pro·
1103 1124 1128 1169 ιο,

119 1190 261 1256 sessione
284 1189 461 1274 detrahere,
484 1190 541 1254 sed
561 1193 599 1254 ut
613 1191 806 1275 professioni
828 1191 891 1274 ipsi
914 1212 953 1256 ex
976 1213 1012 1255 eo
1033 1191 1090 1254 ho·
1124 1194 1125 1198 ’

121 1296 202 1340 nore
224 1296 319 1358 quem
340 1275 426 1359 gessi
448 1275 579 1340 adderet
600 1275 802 1360 dignitatem.
848 1276 898 1338 oui
919 1276 1019 1358 igitur
1041 1279 1091 1339 est

121 1359 255 1424 dubium
277 1360 355 1443 quin
376 1359 488 1424 diuina
510 1358 566 1424 illa
593 1381 684 1424 mens
707 1357 867 1438 Caesaris,
895 1380 976 1442 quae
996 1362 1089 1423 tento

122 1444 229 1508 studio
256 1447 496 1528 praeceptorem
524 1443 598 1507 huie
627 1442 799 1508 conuentui
825 1442 1001 1507 iuuentutis
1028 1443 1089 1508 ele-

121 1529 188 1614 git,
217 1529 314 1592 etiam
336 1529 442 1593 locum
469 1527 629 1592 exercitiis
656 1527 742 1592 illius
765 1527 945 1592 dedicatum
970 1527 1128 1592 insitu-1⁵

120 1613 189 1678 rari
210 1616 306 1697 atque
328 1613 476 1676 exornari
492 1611 580 1695 uelit,
603 1633 676 1678 cum
691 1633 803 1677 omnes
825 1613 967 1676 omnium
982 1634 1090 1676 rerum

122 1699 297 1762 sectatores
325 1701 421 1781 atque
443 1696 585 1761 fautores
612 1717 726 1781 parum
747 1718 781 1760 se
804 1697 987 1760 satisfacere
1012 1699 1089 1760 uoto

123 1785 156 1846 et
184 1782 400 1846 conscientiae
428 1803 503 1846 suae
534 1782 681 1865 credant,
710 1782 738 1845 si
759 1801 826 1844 non
847 1781 989 1864 ipsarum
1011 1801 1090 1863 quas

122 1867 283 1950 appetunt
304 1867 480 1950 gloriarum
501 1866 622 1949 templa
646 1865 854 1931 constituant.

187 1949 262 2016 VH.
292 1949 371 2015 Inde
395 1960 442 2015 est
464 1950 549 2034 quod
564 1949 773 2014 Atheniensis
795 1949 977 2013 humanitas
1001 1957 1091 2012 aram
1104 1965 1129 2006 20

121 2033 362 2099 Misericordiae
395 2035 553 2117 instituit,
591 2035 675 2118 quod
703 2033 843 2098 Romani
872 2034 960 2098 ducis
992 2035 1091 2097 animi

120 2119 315 2204 magnitudo
342 2120 498 2204 templum
526 2119 665 2184 Virtutis
701 2123 735 2183 et
761 2118 912 2184 Honoris.
957 2139 1092 2204 quarum

122 2203 211 2270 cuim
240 2203 357 2268 artium
384 2205 451 2268 siue
479 2204 579 2268 animi
606 2203 810 2268 affectionum
836 2203 964 2288 magnis
987 2203 1091 2267 homi-

121 2288 221 2354 nibus
243 2288 451 2372 ingeneratus
467 2287 558 2351 ardor
571 2289 644 2370 fuit,
669 2309 777 2351 earum
793 2288 890 2351 etiam
906 2290 1093 2352 consecrata

122 2373 261 2439 existere
289 2373 330 2436 ad
357 2375 502 2456 posteros
530 2373 727 2436 monimenta
750 2371 930 2435 uoluerunt.
981 2373 1091 2436 aedem
1105 2383 1130 2425 2⁵

120 2455 273 2523 Herculis
305 2456 471 2522 Musarum
503 2456 539 2520 in
572 2456 655 2522 circo
682 2456 841 2520 Flaminio
870 2455 1001 2519 Fuluius
1037 2455 1092 2520 ille

120 2540 273 2607 Nobilior
300 2563 339 2606 ex
361 2541 498 2625 pecunia
520 2541 664 2606 censoria
685 2539 765 2604 feeit
786 2561 853 2606 non
875 2540 908 2604 id
929 2541 1023 2604 modo
1045 2562 1092 2604 se·

123 2629 219 2691 cutus
247 2626 332 2708 quod
358 2627 427 2773 ipse
454 2626 571 2691 litteris
605 2628 638 2690 et
666 2625 782 2690 summi
808 2627 923 2708 poetae
951 2624 1093 2689 amicitia

122 2709 304 2792 duceretur,
328 2731 362 2774 se
405 2709 489 2856 opuod
511 2711 546 2775 in
562 2709 698 2774 Graecia
721 2729 792 2772 cum
815 2713 899 2773 esset
918 2710 1093 2792 imperator

122 2797 294 2878 acceperat
314 2793 419 2858 Herae
433 2816 473 2859 en
500 2794 700 2878 Musagetem
727 2814 812 2875 esse,
841 2793 874 2856 id
902 2795 964 2876 est,
997 2793 1092 2856 comi·
1106 2806 1131 2846 ³0

122 2882 193 2944 tem
227 2877 403 2963 ducemque
430 2878 610 2961 Musarum,
644 2878 790 2960 idemque
820 2877 943 2959 primus
975 2897 1093 2940 nouem

196 3119 210 3167 1
229 3118 377 3182 pristinum
394 3119 417 3168 A
429 3117 462 3166 W
477 3115 482 3181 1
502 3115 605 3166 aditum
621 3117 645 3166 A
655 3116 689 3164 W
702 3115 791 3168 Bere:
810 3131 857 3168 om.
874 3115 895 3164 B
908 3116 926 3162 (ἔ
939 3115 960 3162 V
977 3112 987 3180 ΙΙ
1004 3115 1018 3164 1
1036 3131 1094 3182 sqq.

122 3184 283 3236 molientem
295 3185 387 3251 ipsum
398 3185 510 3236 iusserit
522 3183 684 3249 disciplinas
701 3183 771 3232 artis
785 3183 922 3233 oratoriae
940 3187 1093 3234 retrectare

122 3258 152 3304 ct
176 3251 228 3304 hoc
249 3253 304 3318 ipsi
326 3252 431 3318 palatio
454 3253 580 3316 parentis
603 3251 646 3302 sni
668 3265 765 3300 munus
787 3249 924 3300 inuexerit
946 3253 978 3300 ut
994 3249 1094 3300 medio-

122 3335 200 3372 erem
218 3321 253 3379 ΙΙ,
273 3322 421 3384 transposui
437 3327 463 3370 et
479 3321 587 3370 correxi
598 3315 607 3383 ΙΙ
621 3321 653 3368 13
670 3317 782 3368 dubium
802 3322 845 3368 est
857 3317 931 3367 Berl.
945 3315 955 3384 ll
968 3319 1000 3369 15
1019 3333 1094 3368 exer·

123 3390 193 3440 citis
208 3388 232 3435 A
250 3388 404 3438 exercitiic
423 3387 556 3438 exercitio
574 3387 617 3436 illi
635 3399 660 3434 w
677 3383 687 3451 ΙΙ
704 3387 736 3436 21
756 3385 901 3436 constituit
912 3383 945 3434 W
961 3382 972 3452 ΙΙ
988 3387 1022 3436 24
1040 3386 1095 3435 fuit

123 3470 157 3522 ςτ
177 3455 265 3506 fucrit
281 3455 308 3503 11
325 3453 336 3521 ll
353 3457 386 3506 28
405 3455 501 3506 summi
517 3455 541 3504 A
552 3453 585 3504 W
596 3453 687 3504 Bere:
706 3467 810 3504 summa
828 3454 847 3502 B
867 3457 884 3502 c
898 3453 920 3500 V
936 3449 946 3518 ΙΙ
964 3456 997 3505 30
1013 3453 1094 3503 hers·

124 3523 189 3574 olen
207 3523 230 3572 A
248 3525 278 3572 ῦς
297 3521 432 3574 heraclam
449 3523 469 3570 B
488 3523 509 3570 V
526 3521 658 3573 herculea
677 3534 702 3569 w
