2572 3990
182 198 249 250 VIII
555 196 778 250 PRAEFATIO.

181 351 241 410 uiri
263 349 347 411 docti
369 351 544 429 epistolium
567 351 722 428 quoddam
745 349 786 411 ad
805 349 984 411 Iacobinum
1004 351 1151 412 Thomasi

182 435 393 496 Thebalducci
416 455 499 496 anno
523 435 604 494 1433
628 435 732 496 datum
753 433 791 493 ab
814 434 956 512 Augusto
975 435 1151 496 Wilmanns

181 521 215 580 in
251 519 386 580 archivio
414 519 597 580 Florentino
629 515 787 598 [Archivio
814 518 957 580 Mediceo
985 521 1092 580 auanti
1120 521 1152 581 al

182 605 357 684 principato
380 603 450 664 filaa
473 605 512 663 96
535 622 560 662 a.
582 597 656 682 439]
680 604 840 664 inuentum
858 603 1013 664 chricus
1027 603 1150 666 Keilius

181 690 216 748 in
237 696 463 769 programmate
480 687 647 748 lectionum
668 689 856 748 aestiuorum
875 690 1003 749 a.1871
1027 691 1059 748 in
1081 689 1149 748 uni-

182 776 330 835 uersitate
351 773 495 832 Hellensi
516 770 730 832 habendarum
752 770 860 833 edidit.
902 792 942 832 en
963 773 1060 834 habes
1084 774 1151 840 eius

181 859 363 936 particulam
385 857 426 917 ad
448 857 662 934 quaestionem
682 864 820 916 nostram
841 859 1063 936 pertinentem:

267 941 309 1001 ‘A
322 941 458 1013 Nicolai‚
481 941 514 1000 lu
538 940 631 1020 quale
649 940 781 1002 honorai
803 949 834 1001 st
848 941 928 1004 hehe
950 961 1070 1021 sempre
1092 959 1151 1020 per

267 1027 327 1086 mic
349 1034 452 1104 patre,
475 1043 514 1084 ve
535 1043 632 1103 pregc
655 1044 704 1085 ms
726 1026 945 1088 ascomandate
967 1027 1082 1106 prima,
1109 1025 1150 1086 da

266 1111 319 1190 poi
340 1111 371 1170 le
394 1109 507 1170 dirrete
535 1108 592 1168 che
612 1109 646 1168 lu
666 1110 728 1168 mio
754 1111 872 1172 andare
894 1129 983 1172 verso
1009 1109 1150 1189 Gologna

265 1215 330 1254 non
354 1193 371 1254 ὲ
392 1201 472 1253 stato
495 1211 587 1253 seusa
608 1193 713 1268 frutto,
736 1195 811 1273 perh
835 1195 892 1255 che
914 1197 943 1255 io
965 1196 1006 1255 bo
1028 1203 1150 1255 trovato

265 1281 299 1338 in
321 1298 385 1338 una
406 1276 596 1338 bibliotheca
621 1299 641 1338 a
660 1278 818 1358 Maguuua
841 1289 887 1340 'un
910 1279 1030 1353 codice,
1059 1279 1149 1339 inlu

266 1362 359 1442 quale
386 1363 412 1422 si
441 1361 458 1421 ὸ
485 1382 528 1421 un
552 1363 743 1442 panegyrico
767 1363 807 1425 ds
828 1365 931 1426 Plinio
959 1384 979 1423 a
999 1364 1147 1437 Traiano,

268 1446 308 1506 da
327 1447 372 1506 lui
392 1444 483 1526 quale
504 1466 570 1506 non
589 1447 670 1510 lesse
692 1450 753 1508 mai
767 1448 822 1528 piir
843 1468 938 1510 suave
960 1469 1039 1522 cosa,
1063 1455 1095 1508 et
1115 1449 1149 1506 in

266 1530 375 1591 eodem
402 1529 509 1590 codice
535 1541 609 1591 sunt
636 1533 819 1613 panegyrici
852 1533 982 1594 aliorum
1008 1542 1149 1593 autorum

266 1615 305 1676 ad
329 1615 467 1676 diversos
491 1613 660 1676 Caesares)

243 1699 294 1760 De
315 1699 445 1760 Ioannis
463 1699 618 1780 Autispae
641 1703 674 1760 in
690 1701 890 1762 Germaniam
911 1702 1024 1762 itinere
1047 1701 1149 1779 deque

122 1857 125 1861 ι
179 1783 385 1864 bibliothecae
408 1784 556 1845 ecclesiae
577 1785 835 1865 metropolitanae
853 1786 1055 1863 Magantinae
1077 1785 1149 1844 fatis

182 1869 349 1946 diligenter
375 1870 439 1948 egit
463 1869 586 1929 Keilius
612 1868 712 1929 libelli
738 1870 858 1929 laudati
885 1889 937 1947 pp.
966 1868 1148 1929 IV—VIII.

180 1953 247 2032 qui²
260 1953 344 2033 quod
373 1973 411 2018 ex
431 1952 585 2032 Aurispae
613 1953 716 2013 uerbis
744 1953 787 2013 ib.
815 1974 846 2034 p.
869 1953 952 2016 VIII
979 1953 1148 2012 rectissime

181 2037 331 2098 conclusit
357 2037 429 2096 ilico
459 2037 623 2098 subiciam:
667 2037 711 2097 ‘st
737 2037 807 2115 ipse
833 2036 970 2116 Aurispa
1002 2037 1041 2097 iis
1069 2056 1149 2116 quae

180 2121 288 2182 scribit
319 2140 353 2182 se
381 2140 444 2180 non
472 2123 597 2182 nouisse
630 2140 682 2182 eas
714 2123 869 2182 orationes
896 2121 1015 2182 iudicat
1046 2140 1149 2200 neque

181 2213 254 2267 ante
283 2225 353 2266 eum
378 2206 443 2266 ulla
472 2223 577 2264 eorum
603 2207 717 2265 mentio
746 2206 830 2286 apud
857 2207 953 2266 Italos
980 2205 1063 2266 facta
1091 2214 1147 2268 est.

180 2288 237 2350 sed
251 2299 322 2369 post
344 2309 413 2350 enm
433 2297 567 2350 aetatem
587 2289 676 2350 multi
690 2289 812 2352 codices
835 2290 957 2352 illarum
977 2291 1149 2350 orationum

179 2375 213 2433 in
242 2374 336 2435 Italia
363 2373 470 2454 scripti
496 2382 570 2434 sunt
597 2376 681 2454 iique
710 2377 880 2454 scripturae
907 2394 1034 2454 genere¹
1052 2381 1087 2434 ut
1114 2375 1149 2434 in

179 2458 277 2518 Plinii
304 2459 444 2519 oratione
464 2459 509 2518 ita
536 2460 570 2518 in
591 2459 719 2538 reliquis
742 2460 820 2521 adso
848 2459 930 2520 inter
957 2479 991 2520 se
1019 2477 1148 2520 consen·

180 2543 294 2604 tientes
322 2551 358 2601 ut
386 2541 520 2602 dubitari
552 2550 689 2623 nequeat
715 2545 790 2623 quin
819 2563 859 2604 ex
885 2564 949 2604 uuo
978 2543 1147 2623 archetypo

180 2635 244 2687 tum
266 2627 398 2706 primum
418 2627 549 2688 inuento
571 2646 678 2687 omnes
701 2628 784 2688 ducti
806 2629 892 2689 sint?

243 2711 294 2770 Ex
320 2710 379 2771 hoc
407 2711 501 2790 igitur
529 2713 696 2790 archetypo
722 2714 910 2792 Maguntino
940 2709 1007 2790 (II)
1037 2710 1148 2791 quibus

180 2794 325 2874 gradibus
349 2794 470 2856 codices
491 2798 591 2856 nostri
617 2797 735 2857 nouicii
757 2798 977 2859 descenderint
998 2797 1060 2858 iam
1081 2814 1149 2856 cum

181 2900 254 2942 cura
276 2880 510 2959 disquirendum
531 2889 587 2944 est.
617 2880 696 2941 nihil
719 2884 801 2943 enim
822 2882 861 2942 ab
877 2883 960 2943 omni
981 2889 1069 2960 parte
1091 2879 1147 2939 fal·

181 2965 243 3024 sius
271 2963 339 3025 uidi
366 2984 458 3045 quam
484 2965 569 3046 quod
593 2965 716 3026 Keilius
746 2963 862 3047 [praef.
886 2966 970 3026 Plin.
999 2986 1030 3045 p.
1052 2959 1147 3042 XLI]

180 3050 299 3129 posuit,
320 3050 354 3108 in
377 3059 476 3111 cenas
498 3050 611 3112 classes
632 3050 728 3111 libros
749 3052 858 3130 quinto
882 3050 1000 3112 decimo
1023 3047 1148 3107 saeculo

181 3152 220 3193 ex
245 3153 308 3193 uno
337 3134 506 3214 archetypo
536 3135 706 3214 descriptos
729 3133 914 3197 distribuere
941 3133 1025 3195 uelle
1051 3133 1148 3191 inane

180 3217 361 3297 plerumque
383 3225 414 3278 st
435 3237 543 3298 parum
565 3219 755 3281 fructuosum
775 3220 934 3297 negotium
956 3235 1033 3278 esse.

246 3299 447 3362 Communem
462 3301 619 3381 quandam
641 3305 790 3384 originem
805 3304 886 3364 clare
906 3310 937 3362 et
951 3308 1058 3380 aperte
1072 3318 1148 3379 prae

181 3405 215 3447 se
235 3385 340 3447 ferunt
359 3385 432 3446 libri
445 3387 642 3448 Monacensis
658 3390 719 3450 309
737 3384 755 3467 (
780 3386 805 3464 ),
821 3386 1075 3449 vindobonensis
1091 3381 1146 3460 (u),

180 3471 366 3550 Reginensis
390 3465 450 3551 (r):
487 3480 549 3532 tam
576 3474 757 3553 conspirans
778 3471 873 3551 idque
898 3469 1056 3549 singulare
1082 3488 1147 3528 cor-

1276 283 1279 390 t
