2572 3990
400 971 789 1056 PRAEFATIO.

174 1279 224 1340 De
238 1278 306 1338 XII
320 1279 580 1358 panegyricorum
590 1280 756 1340 latinorum
771 1279 928 1340 codicibus
944 1281 997 1359 qui
1013 1301 1081 1340 cnm

110 1365 214 1444 aliquo
249 1365 348 1423 fructu
382 1361 561 1425 disseruerit
593 1365 695 1424 adhuc
727 1365 830 1424 extitit
859 1383 960 1425 nemo.
1009 1363 1081 1424 nam

110 1468 214 1528 neque
234 1448 327 1527 Hugo
346 1448 497 1509 Ruehlius
520 1450 552 1508 in
577 1449 794 1509 dissertatione
811 1447 1080 1529 Gryphiswaldiae

111 1555 137 1592 a.
158 1533 241 1593 1868
266 1531 358 1606 edita,
382 1535 431 1593 cni
452 1534 632 1613 inscriptum
655 1542 702 1593 est
724 1533 776 1593 ‘de
794 1533 862 1594 XII
883 1535 1080 1614 panegyricis

110 1618 216 1691 latinis
239 1617 524 1696 propaedeumata'‚
553 1637 655 1696 neque
683 1637 758 1677 uero
780 1617 934 1679 Henricus
956 1619 1080 1679 Keilius

110 1705 142 1761 in
170 1701 268 1762 Plinii
297 1702 497 1780 epistularum
533 1700 678 1762 editionis
708 1703 886 1781 ceteroquin
913 1703 1080 1763 laudabilis

110 1787 236 1865 Lipsiae
264 1805 292 1845 a.
321 1787 403 1846 1870
431 1788 560 1847 emissae
587 1785 784 1865 praefatione
816 1783 860 1864 [p.
889 1785 1081 1844 XXXIX—

109 1868 200 1949 ΧΠ]
231 1873 444 1951 quaestionem
472 1881 504 1932 et
532 1870 744 1930 difficillimam
773 1878 805 1929 ct
825 1869 1081 1930 taediosissimam

111 1955 238 2015 multum
260 1957 451 2034 promouisse
474 1955 624 2017 censendi
646 1963 728 2015 sunt.

174 2038 306 2100 Codices
328 2040 360 2099 in
381 2040 462 2100 hanc
482 2040 651 2102 editionem
673 2041 740 2100 siue
761 2061 780 2100 a
800 2059 848 2100 me
870 2039 936 2100 siue
957 2038 995 2099 ab
1012 2040 1080 2100 aliis

108 2125 183 2184 uiris
201 2123 299 2184 doctis
319 2125 373 2184 uel
386 2126 521 2204 inspecti
542 2125 592 2186 uel
608 2125 712 2185 collati
727 2133 801 2184 sunt
815 2124 857 2197 hi,
881 2125 1003 2185 saeculo
1018 2125 1082 2186 XV
1160 2151 1163 2156 ·

110 2207 309 2270 adscribendi
332 2229 451 2270 omnes:
726 2284 728 2288 Ι

189 2291 213 2351 I.
238 2293 336 2353 codex
354 2293 607 2354 Durlacensis
630 2295 670 2352 36
693 2293 829 2367 membr,
854 2294 927 2353 olim
942 2293 1080 2354 Schwar-

238 2379 345 2437 zianus
370 2375 428 2454 (ς),
460 2378 498 2438 de
527 2397 587 2456 qno
616 2378 654 2437 cs.
676 2377 827 2438 Ruehlius
849 2378 870 2436 l.
892 2378 912 2440 1.
938 2398 970 2456 p.
994 2379 1013 2436 9
1035 2397 1081 2456 sq.

237 2462 305 2540 ipse
325 2461 454 2541 Lipsiae
478 2481 504 2522 a.
529 2463 609 2521 1871
634 2462 760 2522 contuli.

172 2546 215 2605 II.
238 2546 304 2606 cod.
331 2546 579 2607 Monacensis
608 2566 678 2607 mss.
707 2545 760 2606 lat.
792 2547 854 2607 309
883 2545 979 2606 chart.
1009 2543 1022 2626 (
1054 2541 1078 2625 ).

135 2639 139 2648 '
224 2631 305 2709 ipse
333 2631 450 2692 contuli
477 2651 550 2712 pan.
573 2631 731 2706 11··X11;
768 2649 840 2690 nam
862 2630 953 2710 primi
974 2631 1079 2691 lectio·

237 2734 308 2788 nes,
331 2725 366 2774 ut
388 2723 419 2776 et
439 2717 474 2775 in
494 2731 530 2789 u,
555 2715 642 2776 dedit
663 2716 796 2776 Keilius.

151 2799 211 2858 III.
236 2799 304 2859 cod.
333 2799 583 2860 Monacensis
611 2819 680 2860 mss.
710 2801 763 2860 lat.
788 2799 848 2858 756
878 2799 974 2859 chart.
1013 2801 1079 2861 eius

151 2927 161 2946 .
236 2883 393 2962 specimen
415 2884 627 2945 intercedente
646 2882 681 2944 0.
698 2884 822 2943 Halmio
846 2884 980 2943 confecit
996 2883 1079 2943 Guil.

235 2967 288 3028 Me
313 2988 355 3029 er.

155 3051 211 3112 IV.
236 2988 598 3113 ooleiccardianus
612 3053 673 3111 619
686 3049 783 3111 chart.
797 3044 851 3130 (ς).
872 3051 940 3130 ipse
952 3051 1079 3112 contuli.

172 3136 209 3195 V.
235 3137 303 3197 cod.
318 3137 527 3198 Vaticanus
548 3137 629 3197 3461
647 3134 772 3196 membr.
790 3130 843 3213 (ς).
867 3137 936 3215 ipse
951 3137 1077 3197 contuli.

156 3219 211 3279 VI.
234 3221 301 3282 cod.
314 3221 521 3281 Vaticanus
538 3223 620 3282 1775
636 3219 760 3280 membr.
775 3217 850 3298 (W)
868 3221 936 3300 ipse
951 3222 1077 3287 contuli.
1139 3269 1145 3280 ,

137 3303 210 3363 VH.
234 3306 303 3366 cod.
320 3305 527 3367 Vaticanus
549 3308 631 3366 1776
651 3307 747 3365 chart.
770 3301 835 3384 (V).
862 3305 931 3386 ipse
950 3306 1077 3366 contuli.

120 3386 208 3447 VIII.
234 3391 302 3450 cod.
322 3390 558 3469 Reginensis
576 3392 656 3450 1475
680 3389 805 3450 membr.
831 3387 885 3469 (r).
912 3391 1019 3470 paul
1039 3389 1077 3449 A.

236 3474 319 3549 Man,
343 3475 488 3535 Il—XII
511 3473 548 3536 G.
571 3473 686 3535 Kaibcl
709 3474 915 3536 contulerunt.

443 3685 714 3806 284149
