2572 3990
203 181 245 246 48
530 183 552 234 Ι.
583 180 613 237 C.
633 183 749 234 PLINII
767 183 845 235 PAN.

205 336 326 398 rentur.
370 354 468 416 quare
498 353 558 416 ego
589 334 626 396 c'n
653 335 700 414 te,
729 331 855 413 Caesar,
890 333 1075 396 muneribus
1110 334 1173 398 tuis

206 417 353 481 omnibus
378 438 536 500 comparo,
560 417 670 490 multis
692 418 854 499 antepono
876 416 961 500 quod
983 416 1060 482 licet
1080 419 1174 482 nobis

206 506 238 565 et
264 503 299 566 in
331 503 541 585 praeteritum
570 501 608 564 de
642 501 734 566 malis
773 501 1017 584 imperatoribus
1058 503 1174 567 cotidie

205 585 363 651 uindicari
386 589 418 649 et
438 586 563 650 futuros
586 586 644 649 sub
660 585 805 668 exemplo
827 606 1034 669 praemonere
1050 587 1175 652 nullum

179 670 321 754 elocum,
349 670 472 734 nullum
496 690 564 733 esse
590 673 802 753 tempusque
829 670 1030 734 funestorum
1057 672 1176 754 princi-

204 778 282 838 pum
293 775 401 819 manes
418 776 436 818 a
450 758 653 838 posterorum
665 754 921 819 execrationibus
934 755 1173 840 conquiescant.

206 862 268 924 quo
292 840 502 922 constantius,
525 843 634 922 patres
651 839 834 922 conscripti,
860 841 892 902 et
907 839 1030 904 dolores
1046 844 1175 906 nostros

207 929 238 988 et
259 923 375 1009 gaudia
396 925 612 1008 proferamus:
646 925 796 990 laetemur
817 925 867 989 ln's
889 925 1002 1006 quibns
1022 926 1176 1010 fresionem

206 1009 455 1093 ingemiscamus
483 1009 547 1072 illis
570 1031 650 1092 quae
678 1008 887 1092 patiebamur.
931 1009 1027 1074 simul
1054 1013 1174 1074 utrum-

169 1112 192 1149 11
207 1114 269 1177 que
290 1093 472 1157 faciendum
494 1097 543 1157 111
565 1094 624 1157 sub
651 1093 737 1164 bono
765 1093 921 1177 principe.
961 1093 1023 1158 hoc
1052 1099 1175 1159 secreta

206 1181 327 1260 nostra,
349 1176 410 1241 hoc
433 1199 604 1262 sermones,
632 1177 694 1242 hoc
715 1180 805 1262 ipsae
827 1178 1003 1262 gratiarum
1033 1180 1175 1244 actiones

207 1266 308 1347 agant
329 1263 595 1346 meminerintque
618 1263 664 1328 sic
686 1263 823 1328 maxime
838 1262 961 1327 laudari
983 1264 1176 1328 incolumem

206 1347 444 1430 imperatorem,
468 1348 494 1412 si
518 1348 641 1430 priores
663 1369 753 1412 secus
765 1347 873 1412 meriti
887 1347 1173 1430 reprehendantur.

206 1453 282 1496 nam
299 1452 369 1494 cum
385 1432 485 1496 malos
507 1433 668 1518 principes
682 1433 804 1516 posteri
826 1436 945 1517 tacent,
968 1433 1174 1498 manifestum

168 1531 193 1572 15
207 1518 256 1578 est
277 1516 386 1580 eadem
409 1516 515 1581 facere
536 1520 748 1601 praesentem.

271 1599 353 1665 LIV.
376 1600 420 1664 Et
434 1602 504 1685 quis
525 1603 590 1665 iam
605 1603 693 1666 locus
708 1602 842 1666 miserae
859 1601 1052 1666 adulationis
1067 1624 1174 1667 mane-

206 1684 264 1749 bat
279 1685 424 1770 ignarus,
450 1708 523 1750 cum
544 1685 654 1750 laudes
677 1687 907 1769 imperatorum
921 1685 1005 1749 ludis
1028 1687 1122 1750 etiam
1143 1691 1175 1751 et

208 1770 486 1835 commissionibus
524 1771 762 1836 celebrarentur
794 1771 1046 1854 saltarenturque
1080 1775 1174 1854 atque

206 1855 241 1917 in
264 1876 359 1919 omne
381 1855 555 1919 ludibrium
578 1855 768 1919 effeminatis
790 1855 921 1919 uocibus
944 1855 1046 1919 modis
1075 1857 1174 1940 gesti·

169 1955 194 1993 20
208 1939 266 2003 bus
295 1939 544 2024 frangerentur?
575 1940 629 2002 sed
659 1939 737 2002 illud
767 1940 937 2024 indignum
960 1939 1042 2024 quod
1065 1939 1175 2004 eodem

206 2027 349 2106 tempore
377 2025 412 2086 iu
440 2026 552 2088 senatu
583 2027 616 2087 et
643 2024 677 2086 in
705 2045 831 2107 scaena,
862 2025 901 2086 ab
923 2023 1080 2088 histrione
1103 2027 1176 2088 eta

207 2107 336 2171 consule
359 2107 581 2172 laudabantur.
618 2111 654 2170 tu
676 2108 788 2190 procul
810 2131 828 2172 1
850 2109 897 2172 111
921 2109 1008 2173 cultu
1037 2109 1175 2174 ludicras

207 2194 292 2254 artes
326 2192 501 2256 remouisti.
550 2192 633 2256 seria
661 2214 737 2256 ero
769 2196 802 2256 11
837 2194 978 2258 carmina
1010 2194 1174 2276 honorque
1262 2195 1266 2206 '

207 2277 356 2340 aeternus
391 2276 572 2360 annalium,
606 2298 671 2341 non
731 2299 786 2342 aec
820 2279 925 2343 breuis
960 2281 993 2340 et
1025 2278 1176 2361 pudenda

169 2379 194 2417 11
208 2359 400 2443 praedicatio
423 2361 514 2425 colit:
539 2362 617 2446 quin
640 2363 736 2426 etiam
758 2366 851 2428 tanto
874 2361 994 2426 maiore
1017 2384 1176 2427 consensu

207 2447 242 2508 in
263 2446 505 2509 uenerationem
527 2447 575 2510 tui
598 2447 723 2512 theatra
744 2448 814 2530 ipsa
836 2449 1031 2592 consurgent
1052 2451 1174 2530 quanto

207 2529 311 2612 magis
339 2530 378 2593 de
406 2533 438 2593 11
467 2551 599 2595 scaenae
627 2533 777 2597 silebunt.
815 2532 870 2595 sed
898 2530 951 2615 qui
1002 2552 1062 2615 ego
1090 2531 1176 2595 istud

207 2612 356 2695 admiror,
386 2636 457 2678 cum
480 2637 533 2680 ecs
556 2637 680 2700 quoque
707 2617 844 2680 honores
867 2615 920 2699 qui
948 2614 1008 2677 tibi
1036 2637 1055 2678 a
1081 2617 1175 2680 nobis

207 2696 382 2764 offeruntur
404 2703 460 2763 aut
481 2699 619 2766 delibare
634 2701 818 2785 parcissime
841 2702 897 2762 aut
918 2698 1049 2762 omnino
1073 2700 1175 2764 soleas

170 2800 195 2839 ³0
208 2791 377 2852 recusare?
410 2783 491 2853 nihil
520 2788 595 2850 ante
616 2789 683 2850 tam
712 2784 854 2869 uulgare,
881 2787 948 2847 tam
975 2804 1112 2865 paruum
1139 2787 1175 2849 in

208 2908 411 2916 ——--—-——-——

277 2976 288 3023 1
310 2990 361 3040 ego
374 2987 417 3023 w:
437 2990 502 3040 ergo
514 2976 541 3024 11
560 2973 604 3039 111
623 2979 651 3024 te
669 2975 777 3038 scripsi:
795 2979 823 3024 te
835 2974 861 3020 11
879 2988 945 3022 uero
964 2974 1065 3024 Keilius
1079 2971 1085 3038 Ι
1100 2989 1174 3023 mun.

209 3043 265 3092 tuis
284 3043 409 3092 omnibus
428 3056 463 3090 w:
485 3058 557 3092 mun.
577 3043 703 3092 omnibus
722 3043 777 3090 tuis
796 3042 922 3091 omuibus
939 3041 966 3087 11
995 3039 1005 3106 ΙΙ
1035 3043 1174 3105 4111111-

209 3123 276 3159 nere
304 3110 367 3157 BV
397 3107 407 3174 Ι]
436 3111 453 3160 8
482 3110 618 3160 laetemur
646 3109 688 3158 his
708 3109 806 3172 quibus
837 3108 953 3158 fruimur
977 3125 1024 3160 om.
1046 3109 1082 3170 11,
1112 3111 1175 3160 cdd.

211 3177 286 3241 Gusp.
316 3174 326 3239 ΙΙ
357 3179 388 3227 10
406 3175 490 3242 bono]
509 3178 614 3227 uno'W
643 3173 653 3240 ΙΙ
683 3177 715 3225 13
734 3190 814 3226 secus
832 3178 905 3226 cdd.:
936 3178 1074 3226 secuml!
1104 3175 1113 3242 ΙΙ
1144 3179 1176 3226 14

207 3242 294 3293 malos
321 3244 458 3310 principes
484 3247 591 3310 scripsi:
617 3241 689 3292 malo
713 3243 839 3308 principe
855 3246 884 3292 1
906 3243 939 3294 de
963 3243 1033 3294 malo
1053 3245 1176 3310 principe

207 3325 232 3358 w
261 3308 271 3375 ΙΙ
302 3313 334 3362 16
353 3314 449 3376 ecquis
468 3312 544 3376 Gusp.
575 3308 584 3374 ΙΙ
615 3312 646 3360 17
664 3311 777 3375 ignarus
791 3325 817 3377 ςε
837 3315 985 3377 guarusl
1015 3310 1024 3377 ΙΙ
1056 3315 1086 3364 18
1106 3328 1176 3362 com·

208 3378 384 3430 missionibus
394 3381 539 3430 Liuineius:
553 3379 829 3430 commessationibus
838 3383 866 3428 11
880 3378 885 3444 Ι
900 3380 1071 3430 saltarentur
1081 3381 1102 3427 B
1112 3381 1176 3428 ΠΙ

209 3446 398 3512 saltareutque
422 3450 452 3507 c,
479 3448 545 3497 unde
568 3445 792 3512 saltarenturque
815 3455 886 3499 recte
908 3449 967 3498 edd.
998 3444 1008 3512 ΙΙ
1038 3451 1071 3498 30
1096 3443 1174 3511 ante]

209 3517 337 3564 autemc
