2586 3996
224 185 289 249 290
551 187 612 237 ΧΗ.
642 185 775 236 uacari
793 187 873 238 Pau.

138 401 143 409 ,
227 338 282 421 (ne
311 334 419 400 statim
448 356 571 399 summa
600 336 776 419 capiamus)
812 333 895 418 quod
925 336 1036 400 creber
1063 357 1194 421 egressu

226 419 469 503 expectantibus
503 419 628 503 populis
660 424 694 483 te
722 419 834 484 fateris
868 440 928 484 nec
961 420 1065 486 uideri
1097 423 1192 486 modo

225 504 365 588 patiens,
403 504 459 568 sed
490 504 597 568 facilis
632 504 713 568 adiri
744 525 761 567 e
787 504 932 587 proximo
966 505 1085 588 accipis
1119 511 1194 572 uota

225 589 392 652 hominum
419 591 564 670 tuorum,
598 591 646 668 ut,
680 588 823 672 quisquis
852 587 906 652 ille
939 589 1104 654 consultor
1136 595 1192 674 est,

199 673 352 737 setiamsi
381 674 533 736 meruerit
562 672 662 756 (quod
688 676 736 736 est
758 675 878 754 rarum)
905 674 1082 756 repulsam,
1111 675 1194 738 ferat

225 761 336 821 tamen
367 758 429 820 uisi
456 757 598 822 numinis
631 757 871 821 conscientiam.
923 761 958 821 at
986 777 1084 840 quam
1111 759 1194 822 alter

225 841 352 905 illorum
368 840 549 925 principum
571 861 639 905 mos
659 841 722 905 fuit
743 842 835 926 (quos
851 842 972 925 loquar,
994 844 1109 906 notum
1130 846 1192 924 cst)

227 926 280 1009 qui
302 925 500 990 maiestatem
515 926 638 1010 regiam
661 925 807 990 imminui
830 931 862 990 et
883 925 1011 1010 uulgari
1026 927 1193 1010 putabant,

225 1010 289 1073 nisi
322 1031 376 1074 eos
409 1011 494 1074 intra
527 1010 702 1075 ransitum
732 1009 898 1074 Palatinae
932 1010 1018 1074 aedis
1052 1011 1193 1076 inclusos

188 1116 213 1155 ιο
226 1096 389 1178 tamquam
413 1094 540 1178 aliquod
556 1033 686 1160 bestola
708 1097 865 1158 secretum
886 1095 1053 1159 ueneratio
1068 1096 1194 1160 occulta

226 1179 449 1262 consuluisset,
472 1179 536 1243 nisi
555 1179 642 1243 intra
658 1178 865 1244 domesticam
888 1179 1034 1243 umbram
1052 1179 1193 1245 iacentes

226 1261 363 1328 solitudo
381 1264 509 1347 prouisa
531 1267 563 1328 et
585 1263 713 1328 silentia
728 1262 793 1327 late
816 1263 985 1328 conciliata
1006 1263 1192 1329 uallassent.

226 1347 304 1430 quin
330 1347 507 1432 siquando
537 1348 572 1412 in
599 1348 704 1412 lucem
732 1347 842 1411 uenire
871 1351 904 1412 ct
925 1347 1010 1412 diem
1032 1348 1117 1412 ferre
1138 1369 1192 1432 po·

226 1431 379 1514 tuissent,
416 1431 538 1496 lecticis
567 1433 730 1515 tensisque
765 1431 909 1496 subuecti
943 1435 976 1496 et
1003 1431 1193 1498 densissima

188 1534 213 1574 15
226 1516 346 1580 circum
361 1536 520 1599 supraque
541 1517 680 1599 cooperti
696 1515 836 1580 uirorum
856 1537 1079 1600 armorumque
1094 1519 1192 1581 testu·

226 1599 301 1664 dine
329 1600 448 1664 sensim
476 1603 571 1682 atque
599 1600 830 1664 adnumerum
858 1601 1079 1666 mouebantur.
1123 1604 1192 1665 tum

225 1683 322 1770 longe
344 1684 480 1768 populus
503 1683 693 1769 abigebatur
721 1706 780 1749 nec
802 1685 905 1755 otiosa
926 1685 1057 1750 uictoris
1079 1706 1193 1750 manus
1276 1759 1277 1766 1

226 1769 351 1852 plebem
386 1770 517 1833 uerbere
550 1769 762 1833 submonebat
794 1773 831 1833 ut
856 1773 1014 1834 secretum
1045 1773 1130 1834 esset
1158 1771 1193 1833 in

226 1853 363 1937 publico.
408 1856 442 1916 at
463 1857 575 1918 noster
595 1854 648 1918 hic
670 1853 817 1918 omnibus
846 1853 1039 1938 spectandus
1062 1855 1193 1918 offertur

188 1958 213 1998 20
226 1959 286 2002 nec
308 1937 411 2022 magis
434 1959 635 2003 communem
657 1939 744 2003 hunc
758 1939 842 2002 diem
865 1941 960 2023 atque
982 1939 1083 2010 solem
1098 1959 1193 2022 qnam

226 2025 370 2086 nostrum
386 2023 610 2106 imperatorem
633 2022 735 2087 uideri
750 2023 834 2087 licet.
863 2025 940 2106 quin
964 2044 1035 2088 cum
1051 2023 1193 2088 uicinum

226 2105 369 2170 habeant
389 2108 544 2188 permissa
562 2107 738 2189 fastidium,
751 2129 935 2190 numquam
955 2109 1016 2171 iste
1039 2108 1193 2172 mirantes

227 2189 334 2273 explet
362 2190 479 2254 oculos.
524 2191 627 2275 magis
654 2191 819 2275 magisque
844 2192 932 2256 uisus
963 2192 1124 2276 expetitur
1152 2195 1194 2274 et,
1275 2251 1276 2254 ,

226 2294 345 2337 nouum
368 2273 469 2357 dictu,
492 2296 645 2357 praesens
667 2275 872 2340 desideratur.

188 2377 213 2418 aa
290 2355 394 2422 XXII.
424 2358 578 2424 Miremur
599 2361 634 2423 in
657 2359 788 2424 urbibus
803 2361 867 2424 tuis
890 2363 922 2425 et
944 2360 1044 2424 atuis
1066 2360 1195 2443 populis
1275 2375 1276 2386 ¹

226 2445 259 2506 te
275 2441 400 2506 uideri?
424 2465 517 2526 quem
531 2444 598 2508 fere
619 2443 709 2508 nulla
730 2446 764 2508 in
787 2445 854 2509 solo
869 2465 926 2508 suo
948 2445 1039 2508 natio
1061 2449 1196 2509 externa

227 2547 294 2589 non
315 2526 412 2610 uidit,
445 2527 539 2610 idque
561 2529 608 2592 ita
633 2528 743 2592 crebro
766 2533 802 2594 ut
822 2550 925 2612 paene
947 2532 1014 2592 tam
1035 2532 1131 2593 notus
1153 2529 1198 2592 sit

226 2609 371 2675 barbaris
393 2611 499 2675 uultus
527 2613 588 2677 istc
611 2634 707 2697 quam
728 2613 831 2677 nobis.
875 2634 936 2677 nec
957 2614 1092 2697 frustra,
1123 2633 1196 2677 cum
1274 2645 1275 2648 ¹

228 2698 365 2760 aestates
399 2717 509 2760 omnes
537 2697 628 2782 foris,
660 2696 782 2762 hiemes
809 2697 896 2762 domi
924 2698 1043 2762 ducens
1071 2697 1196 2761 ciuibus
1274 2737 1275 2760 t

186 2799 214 2840 so
227 2780 435 2865 hostibusque
462 2782 532 2865 pari
562 2785 646 2847 sorte
674 2783 752 2846 anui
780 2783 884 2866 spatia
910 2781 1056 2846 diuiscris
1084 2785 1131 2865 et,
1168 2782 1197 2844 si

227 2865 282 2947 qui
303 2865 386 2930 forte
409 2871 485 2930 sunt
499 2866 706 2932 barbarorum
728 2868 783 2951 qui
805 2865 948 2931 nondum
970 2865 1099 2930 uirtutis
1120 2869 1197 2929 tuac

296 3101 445 3168 lsumma]
464 3105 571 3154 semina
588 3106 624 3170 Δ;
652 3123 686 3156 an
704 3106 865 3156 cacumina?
892 3105 896 3167 1
923 3105 1063 3170 capiamus
1082 3105 1129 3152 W:
1151 3119 1197 3154 ca·

246 3174 338 3221 tamus
353 3172 474 3221 ΔΒΗ
493 3178 635 3236 captemus
653 3176 712 3226 edd.
737 3171 747 3240 11
776 3173 1003 3238 terpetentibus
1021 3171 1198 3236 Wopkenaiua
1273 3165 1274 3220 l

227 3185 244 3301 11
261 3240 277 3286 4
296 3239 414 3288 omnium
431 3243 503 3289 tuor.
520 3241 650 3291 Liuineius
671 3239 681 3306 11
702 3243 718 3290 6
736 3241 791 3291 uisi
808 3254 846 3289 w:
864 3245 896 3290 ut
913 3241 938 3290 si
954 3242 982 3287 Η
999 3239 1075 3289 Bert.
1092 3237 1096 3301 Ι
1112 3253 1197 3303 quam

228 3306 258 3351 οε
278 3310 380 3368 quanto
398 3308 426 3353 Η
444 3306 517 3356 Bere.
534 3309 538 3366 1
553 3308 634 3358 aliter
651 3311 710 3360 edd.
727 3306 737 3373 11
760 3311 775 3358 7
793 3307 889 3373 loquor
906 3307 938 3356 W
955 3305 965 3372 1
987 3308 1002 3357 8
1020 3305 1162 3370 inuulgari
1174 3306 1198 3353 Δ

230 3369 242 3436 11
264 3373 295 3420 10
314 3369 437 3438 aliquod]
456 3373 531 3424 aliud
547 3373 622 3426 Bert.
639 3373 650 3440 11
669 3378 699 3425 12
720 3375 867 3427 consiliata
883 3373 936 3424 sc
955 3373 1121 3425 consciliata
1140 3374 1161 3421 B
1184 3369 1196 3438 11

228 3440 260 3487 19
279 3437 393 3487 offertur
408 3440 444 3488 Az
468 3439 581 3491 affertur
598 3444 619 3492 B
637 3443 744 3492 (tVW
773 3439 784 3508 11
813 3445 845 3493 22
864 3443 1005 3493 habebant
1023 3441 1199 3506 promissae

228 3503 241 3569 11
261 3507 295 3555 24
312 3502 427 3570 nouum]
445 3508 541 3557 mirum
558 3523 584 3557 w
607 3507 617 3574 11
641 3513 673 3560 26
693 3507 759 3576 fere]
778 3526 845 3561 uere
863 3512 885 3559 Δ
901 3509 905 3574 1
920 3509 988 3561 solio
1007 3510 1024 3557 0
