<?xml version="1.0" encoding="UTF-8"?>
<!DOCTYPE html PUBLIC "-//W3C//DTD XHTML 1.0 Transitional//EN"
    "http://www.w3.org/TR/xhtml1/DTD/xhtml1-transitional.dtd">
<html xmlns="http://www.w3.org/1999/xhtml" xml:lang="en" lang="en">
 <head>
  <title>
</title>
<meta http-equiv="Content-Type" content="text/html;charset=utf-8" />
  <meta name='ocr-system' content='tesseract 3.04.00' />
  <meta name='ocr-capabilities' content='ocr_page ocr_carea ocr_par ocr_line ocrx_word'/>
</head>
<body>
  <div class='ocr_page' id='page_1' title='image "./xiipanegyricila02baehgoog_0302.png"; bbox 0 0 2586 3996; ppageno 0'>
   <div class='ocr_carea' id='block_1_1' title="bbox 206 223 1059 294">
    <p class='ocr_par' dir='ltr' id='par_1_1' title="bbox 206 223 1059 294">
     <span class='ocr_line' id='line_1_1' title="bbox 206 223 1059 294; baseline -0.019 1"><span class='ocrx_word' id='word_1_1' title='bbox 206 231 270 294; x_wconf 75' lang='lat'><strong>270</strong></span> <span class='ocrx_word' id='word_1_2' title='bbox 327 233 374 282; x_wconf 79' lang='lat' dir='ltr'><strong>xi.</strong></span> <span class='ocrx_word' id='word_1_3' title='bbox 401 230 491 282; x_wconf 74' lang='lat' dir='ltr'><strong>ulau.</strong></span> <span class='ocrx_word' id='word_1_4' title='bbox 512 229 616 281; x_wconf 72' lang='lat' dir='ltr'><strong>curn.</strong></span> <span class='ocrx_word' id='word_1_5' title='bbox 637 223 748 278; x_wconf 65' lang='lat' dir='ltr'><strong>torro</strong></span> <span class='ocrx_word' id='word_1_6' title='bbox 768 227 930 279; x_wconf 78' lang='lat' dir='ltr'><strong>1uu1ANo.</strong></span> <span class='ocrx_word' id='word_1_7' title='bbox 949 231 1059 280; x_wconf 79' lang='lat' dir='ltr'><strong>ar-ea.</strong></span> 
     </span>
    </p>
   </div>
   <div class='ocr_carea' id='block_1_2' title="bbox 208 377 1181 460">
    <p class='ocr_par' dir='ltr' id='par_1_2' title="bbox 208 377 1181 460">
     <span class='ocr_line' id='line_1_2' title="bbox 208 377 1181 460; baseline -0.002 -15"><span class='ocrx_word' id='word_1_8' title='bbox 208 381 330 445; x_wconf 88' lang='lat' dir='ltr'><strong>artibus</strong></span> <span class='ocrx_word' id='word_1_9' title='bbox 352 379 468 444; x_wconf 91' lang='lat' dir='ltr'><strong>mereri</strong></span> <span class='ocrx_word' id='word_1_10' title='bbox 497 377 662 443; x_wconf 86' lang='lat' dir='ltr'><strong>consulem</strong></span> <span class='ocrx_word' id='word_1_11' title='bbox 684 377 753 442; x_wconf 82' lang='lat' dir='ltr'><strong>fieri</strong></span> <span class='ocrx_word' id='word_1_12' title='bbox 777 399 873 460; x_wconf 87' lang='lat' dir='ltr'><strong>qnam</strong></span> <span class='ocrx_word' id='word_1_13' title='bbox 896 379 1056 442; x_wconf 86' lang='lat' dir='ltr'><strong>industria</strong></span> <span class='ocrx_word' id='word_1_14' title='bbox 1082 382 1114 443; x_wconf 90' lang='lat' dir='ltr'><strong>et</strong></span> <span class='ocrx_word' id='word_1_15' title='bbox 1135 379 1181 444; x_wconf 87' lang='lat' dir='ltr'><strong>la-</strong></span> 
     </span>
    </p>
   </div>
   <div class='ocr_carea' id='block_1_3' title="bbox 208 462 1181 632">
    <p class='ocr_par' dir='ltr' id='par_1_3' title="bbox 208 462 1181 632">
     <span class='ocr_line' id='line_1_3' title="bbox 208 462 1180 545; baseline -0.001 -15"><span class='ocrx_word' id='word_1_16' title='bbox 208 467 283 530; x_wconf 89' lang='lat' dir='ltr'><strong>bore</strong></span> <span class='ocrx_word' id='word_1_17' title='bbox 329 465 457 530; x_wconf 84' lang='lat' dir='ltr'><strong>erficere</strong></span> <span class='ocrx_word' id='word_1_18' title='bbox 485 466 522 527; x_wconf 86' lang='lat' dir='ltr'><strong>ut</strong></span> <span class='ocrx_word' id='word_1_19' title='bbox 543 462 681 527; x_wconf 88' lang='lat' dir='ltr'><strong>uidearis</strong></span> <span class='ocrx_word' id='word_1_20' title='bbox 703 462 873 545; x_wconf 86' lang='lat' dir='ltr'><strong>meruisse,</strong></span> <span class='ocrx_word' id='word_1_21' title='bbox 902 483 975 527; x_wconf 88' lang='lat' dir='ltr'><strong>cum</strong></span> <span class='ocrx_word' id='word_1_22' title='bbox 996 463 1103 528; x_wconf 84' lang='lat' dir='ltr'><strong>factus</strong></span> <span class='ocrx_word' id='word_1_23' title='bbox 1125 465 1180 530; x_wconf 89' lang='lat' dir='ltr'><strong>sis.</strong></span> 
     </span>
     <span class='ocr_line' id='line_1_4' title="bbox 271 487 1181 632; baseline 0 -19"><span class='ocrx_word' id='word_1_24' title='bbox 271 487 406 613; x_wconf 62' lang='lat' dir='ltr'><strong>Xixll.</strong></span> <span class='ocrx_word' id='word_1_25' title='bbox 436 548 544 626; x_wconf 86' lang='lat' dir='ltr'><strong>Absit,</strong></span> <span class='ocrx_word' id='word_1_26' title='bbox 566 548 724 632; x_wconf 85' lang='lat' dir='ltr'><strong>Auguste,</strong></span> <span class='ocrx_word' id='word_1_27' title='bbox 747 550 780 610; x_wconf 88' lang='lat' dir='ltr'><strong>et</strong></span> <span class='ocrx_word' id='word_1_28' title='bbox 794 547 880 612; x_wconf 87' lang='lat' dir='ltr'><strong>istud</strong></span> <span class='ocrx_word' id='word_1_29' title='bbox 896 551 1011 613; x_wconf 87' lang='lat' dir='ltr'><strong>sancta</strong></span> <span class='ocrx_word' id='word_1_30' title='bbox 1025 547 1181 614; x_wconf 88' lang='lat' dir='ltr'><strong>diuinitas</strong></span> 
     </span>
    </p>
   </div>
   <div class='ocr_carea' id='block_1_4' title="bbox 208 633 1276 716">
    <p class='ocr_par' dir='ltr' id='par_1_4' title="bbox 208 633 1276 716">
     <span class='ocr_line' id='line_1_5' title="bbox 208 633 1276 716; baseline -0.001 -17"><span class='ocrx_word' id='word_1_31' title='bbox 208 657 304 700; x_wconf 87' lang='lat' dir='ltr'><strong>omen</strong></span> <span class='ocrx_word' id='word_1_32' title='bbox 325 636 451 698; x_wconf 88' lang='lat' dir='ltr'><strong>auertat</strong></span> <span class='ocrx_word' id='word_1_33' title='bbox 476 636 514 696; x_wconf 90' lang='lat' dir='ltr'><strong>ut</strong></span> <span class='ocrx_word' id='word_1_34' title='bbox 534 635 570 696; x_wconf 90' lang='lat' dir='ltr'><strong>tu</strong></span> <span class='ocrx_word' id='word_1_35' title='bbox 595 653 614 696; x_wconf 87' lang='lat' dir='ltr'><strong>a</strong></span> <span class='ocrx_word' id='word_1_36' title='bbox 636 652 796 715; x_wconf 89' lang='lat' dir='ltr'><strong>qucquam</strong></span> <span class='ocrx_word' id='word_1_37' title='bbox 824 633 1009 698; x_wconf 77' lang='lat' dir='ltr'>mortalium</span> <span class='ocrx_word' id='word_1_38' title='bbox 1032 637 1182 716; x_wconf 76' lang='lat' dir='ltr'><strong>expectes</strong></span> <span class='ocrx_word' id='word_1_39' title='bbox 1275 671 1276 686; x_wconf 46' lang='lat' dir='ltr'><strong>i</strong></span> 
     </span>
    </p>
   </div>
   <div class='ocr_carea' id='block_1_5' title="bbox 183 716 1181 801">
    <p class='ocr_par' dir='ltr' id='par_1_5' title="bbox 183 716 1181 801">
     <span class='ocr_line' id='line_1_6' title="bbox 183 716 1181 801; baseline 0.002 -21"><span class='ocrx_word' id='word_1_40' title='bbox 183 720 313 785; x_wconf 77' lang='lat' dir='ltr'><strong>suicem</strong></span> <span class='ocrx_word' id='word_1_41' title='bbox 335 718 499 784; x_wconf 88' lang='lat' dir='ltr'><strong>beneficii!</strong></span> <span class='ocrx_word' id='word_1_42' title='bbox 537 737 649 780; x_wconf 89' lang='lat' dir='ltr'><strong>uerum</strong></span> <span class='ocrx_word' id='word_1_43' title='bbox 671 719 780 780; x_wconf 84' lang='lat' dir='ltr'><strong>tamen</strong></span> <span class='ocrx_word' id='word_1_44' title='bbox 809 716 907 801; x_wconf 86' lang='lat' dir='ltr'><strong>(quod</strong></span> <span class='ocrx_word' id='word_1_45' title='bbox 930 718 1033 782; x_wconf 90' lang='lat' dir='ltr'><strong>solum</strong></span> <span class='ocrx_word' id='word_1_46' title='bbox 1054 719 1108 782; x_wconf 93' lang='lat' dir='ltr'><strong>uel</strong></span> <span class='ocrx_word' id='word_1_47' title='bbox 1129 740 1181 783; x_wconf 88' lang='lat' dir='ltr'><strong>ac-</strong></span> 
     </span>
    </p>
   </div>
   <div class='ocr_carea' id='block_1_6' title="bbox 210 801 1277 888">
    <p class='ocr_par' dir='ltr' id='par_1_6' title="bbox 210 801 1277 888">
     <span class='ocr_line' id='line_1_7' title="bbox 210 801 1277 888; baseline -0.002 -19"><span class='ocrx_word' id='word_1_48' title='bbox 210 806 315 888; x_wconf 91' lang='lat' dir='ltr'><strong>cipere</strong></span> <span class='ocrx_word' id='word_1_49' title='bbox 344 805 452 887; x_wconf 87' lang='lat' dir='ltr'><strong>potest</strong></span> <span class='ocrx_word' id='word_1_50' title='bbox 478 802 542 866; x_wconf 81' lang='lat' dir='ltr'><strong>ista</strong></span> <span class='ocrx_word' id='word_1_51' title='bbox 568 801 699 866; x_wconf 86' lang='lat' dir='ltr'><strong>fortuna</strong></span> <span class='ocrx_word' id='word_1_52' title='bbox 727 801 778 865; x_wconf 88' lang='lat' dir='ltr'><strong>uel</strong></span> <span class='ocrx_word' id='word_1_53' title='bbox 806 823 825 864; x_wconf 88' lang='lat' dir='ltr'><strong>a</strong></span> <span class='ocrx_word' id='word_1_54' title='bbox 851 802 946 866; x_wconf 89' lang='lat' dir='ltr'><strong>nobis</strong></span> <span class='ocrx_word' id='word_1_55' title='bbox 976 803 1089 886; x_wconf 89' lang='lat' dir='ltr'><strong>opibus</strong></span> <span class='ocrx_word' id='word_1_56' title='bbox 1117 805 1181 868; x_wconf 90' lang='lat' dir='ltr'><strong>tuis</strong></span> <span class='ocrx_word' id='word_1_57' title='bbox 1274 861 1277 875; x_wconf 61' lang='lat'><strong>,</strong></span> 
     </span>
    </p>
   </div>
   <div class='ocr_carea' id='block_1_7' title="bbox 141 887 1182 1578">
    <p class='ocr_par' dir='ltr' id='par_1_7' title="bbox 141 887 1182 1578">
     <span class='ocr_line' id='line_1_8' title="bbox 208 887 1181 972; baseline 0 -20"><span class='ocrx_word' id='word_1_58' title='bbox 208 889 327 972; x_wconf 84' lang='lat' dir='ltr'><strong>tribui)</strong></span> <span class='ocrx_word' id='word_1_59' title='bbox 356 887 620 953; x_wconf 73' lang='lat' dir='ltr'><strong>inmortalitatem</strong></span> <span class='ocrx_word' id='word_1_60' title='bbox 635 907 813 950; x_wconf 88' lang='lat' dir='ltr'><strong>munerum</strong></span> <span class='ocrx_word' id='word_1_61' title='bbox 840 889 968 951; x_wconf 84' lang='lat' dir='ltr'><strong>tuorum</strong></span> <span class='ocrx_word' id='word_1_62' title='bbox 1002 887 1104 952; x_wconf 85' lang='lat' dir='ltr'><strong>colem</strong></span> <span class='ocrx_word' id='word_1_63' title='bbox 1133 889 1181 952; x_wconf 51' lang='lat' dir='ltr'><strong>ofa</strong></span> 
     </span>
     <span class='ocr_line' id='line_1_9' title="bbox 208 971 1182 1054; baseline 0.001 -18"><span class='ocrx_word' id='word_1_64' title='bbox 208 974 291 1038; x_wconf 87' lang='lat' dir='ltr'><strong>ficiis</strong></span> <span class='ocrx_word' id='word_1_65' title='bbox 307 995 374 1038; x_wconf 89' lang='lat' dir='ltr'><strong>sem</strong></span> <span class='ocrx_word' id='word_1_66' title='bbox 399 972 521 1038; x_wconf 86' lang='lat' dir='ltr'><strong>iternis.</strong></span> <span class='ocrx_word' id='word_1_67' title='bbox 545 991 640 1035; x_wconf 89' lang='lat' dir='ltr'><strong>omne</strong></span> <span class='ocrx_word' id='word_1_68' title='bbox 656 971 833 1054; x_wconf 86' lang='lat' dir='ltr'><strong>negotium,</strong></span> <span class='ocrx_word' id='word_1_69' title='bbox 849 992 943 1037; x_wconf 90' lang='lat' dir='ltr'><strong>omne</strong></span> <span class='ocrx_word' id='word_1_70' title='bbox 958 973 1057 1036; x_wconf 87' lang='lat' dir='ltr'><strong>otium</strong></span> <span class='ocrx_word' id='word_1_71' title='bbox 1073 994 1182 1037; x_wconf 90' lang='lat' dir='ltr'><strong>meum</strong></span> 
     </span>
     <span class='ocr_line' id='line_1_10' title="bbox 208 1054 1181 1141; baseline 0 -20"><span class='ocrx_word' id='word_1_72' title='bbox 208 1059 243 1121; x_wconf 93' lang='lat' dir='ltr'><strong>in</strong></span> <span class='ocrx_word' id='word_1_73' title='bbox 259 1079 363 1122; x_wconf 88' lang='lat' dir='ltr'><strong>ornan</strong></span> <span class='ocrx_word' id='word_1_74' title='bbox 385 1057 413 1120; x_wconf 90' lang='lat' dir='ltr'><strong>is</strong></span> <span class='ocrx_word' id='word_1_75' title='bbox 429 1055 523 1120; x_wconf 89' lang='lat' dir='ltr'><strong>rebus</strong></span> <span class='ocrx_word' id='word_1_76' title='bbox 538 1056 602 1119; x_wconf 89' lang='lat' dir='ltr'><strong>tuis</strong></span> <span class='ocrx_word' id='word_1_77' title='bbox 622 1054 884 1140; x_wconf 77' lang='lat' dir='ltr'><strong>celebrandisque</strong></span> <span class='ocrx_word' id='word_1_78' title='bbox 899 1055 1039 1139; x_wconf 87' lang='lat' dir='ltr'><strong>ponetur</strong></span> <span class='ocrx_word' id='word_1_79' title='bbox 1045 1081 1052 1140; x_wconf 80' lang='lat'>3</span> <span class='ocrx_word' id='word_1_80' title='bbox 1075 1079 1181 1141; x_wconf 89' lang='lat' dir='ltr'><strong>neque</strong></span> 
     </span>
     <span class='ocr_line' id='line_1_11' title="bbox 172 1140 1180 1226; baseline 0.005 -24"><span class='ocrx_word' id='word_1_81' title='bbox 172 1165 197 1203; x_wconf 78' lang='grc' dir='ltr'><strong>ιο</strong></span> <span class='ocrx_word' id='word_1_82' title='bbox 211 1142 315 1206; x_wconf 88' lang='lat' dir='ltr'><strong>solum</strong></span> <span class='ocrx_word' id='word_1_83' title='bbox 344 1163 363 1204; x_wconf 87' lang='lat' dir='ltr'><strong>a</strong></span> <span class='ocrx_word' id='word_1_84' title='bbox 390 1141 521 1206; x_wconf 89' lang='lat' dir='ltr'><strong>uiuente</strong></span> <span class='ocrx_word' id='word_1_85' title='bbox 548 1161 599 1204; x_wconf 91' lang='lat' dir='ltr'><strong>me</strong></span> <span class='ocrx_word' id='word_1_86' title='bbox 627 1161 664 1203; x_wconf 88' lang='lat' dir='ltr'><strong>ac</strong></span> <span class='ocrx_word' id='word_1_87' title='bbox 693 1140 824 1224; x_wconf 82' lang='lat' dir='ltr'><strong>uigente</strong></span> <span class='ocrx_word' id='word_1_88' title='bbox 853 1140 938 1226; x_wconf 81' lang='lat' dir='ltr'><strong>grati</strong></span> <span class='ocrx_word' id='word_1_89' title='bbox 966 1142 1065 1206; x_wconf 87' lang='lat' dir='ltr'><strong>animi</strong></span> <span class='ocrx_word' id='word_1_90' title='bbox 1090 1141 1180 1207; x_wconf 91' lang='lat' dir='ltr'><strong>beni·</strong></span> 
     </span>
     <span class='ocr_line' id='line_1_12' title="bbox 209 1223 1181 1309; baseline 0.001 -19"><span class='ocrx_word' id='word_1_91' title='bbox 209 1225 352 1290; x_wconf 87' lang='lat' dir='ltr'><strong>uolentia</strong></span> <span class='ocrx_word' id='word_1_92' title='bbox 373 1223 598 1307; x_wconf 83' lang='lat' dir='ltr'><strong>declarabitur,</strong></span> <span class='ocrx_word' id='word_1_93' title='bbox 623 1223 806 1309; x_wconf 87' lang='lat' dir='ltr'><strong>sedetiam,</strong></span> <span class='ocrx_word' id='word_1_94' title='bbox 829 1247 901 1290; x_wconf 93' lang='lat' dir='ltr'><strong>cum</strong></span> <span class='ocrx_word' id='word_1_95' title='bbox 924 1248 974 1291; x_wconf 92' lang='lat' dir='ltr'><strong>me</strong></span> <span class='ocrx_word' id='word_1_96' title='bbox 997 1227 1106 1291; x_wconf 88' lang='lat' dir='ltr'><strong>anima</strong></span> <span class='ocrx_word' id='word_1_97' title='bbox 1128 1227 1181 1291; x_wconf 89' lang='lat' dir='ltr'><strong>de-</strong></span> 
     </span>
     <span class='ocr_line' id='line_1_13' title="bbox 209 1309 1180 1395; baseline 0.001 -20"><span class='ocrx_word' id='word_1_98' title='bbox 209 1310 333 1393; x_wconf 89' lang='lat' dir='ltr'><strong>fecerit,</strong></span> <span class='ocrx_word' id='word_1_99' title='bbox 356 1312 565 1375; x_wconf 88' lang='lat' dir='ltr'><strong>monumenta</strong></span> <span class='ocrx_word' id='word_1_100' title='bbox 580 1310 628 1373; x_wconf 89' lang='lat' dir='ltr'><strong>tui</strong></span> <span class='ocrx_word' id='word_1_101' title='bbox 649 1309 683 1372; x_wconf 87' lang='lat' dir='ltr'><strong>iu</strong></span> <span class='ocrx_word' id='word_1_102' title='bbox 703 1330 754 1374; x_wconf 90' lang='lat' dir='ltr'><strong>me</strong></span> <span class='ocrx_word' id='word_1_103' title='bbox 770 1309 917 1376; x_wconf 90' lang='lat' dir='ltr'><strong>beneficii</strong></span> <span class='ocrx_word' id='word_1_104' title='bbox 935 1311 1180 1395; x_wconf 84' lang='lat' dir='ltr'><strong>permanebunt.</strong></span> 
     </span>
     <span class='ocr_line' id='line_1_14' title="bbox 141 1394 1180 1495; baseline -0.001 -34"><span class='ocrx_word' id='word_1_105' title='bbox 141 1401 143 1406; x_wconf 76' lang='grc'><strong>’</strong></span> <span class='ocrx_word' id='word_1_106' title='bbox 209 1397 244 1461; x_wconf 91' lang='lat' dir='ltr'><strong>in</strong></span> <span class='ocrx_word' id='word_1_107' title='bbox 272 1394 441 1460; x_wconf 89' lang='lat' dir='ltr'><strong>referenda</strong></span> <span class='ocrx_word' id='word_1_108' title='bbox 474 1397 580 1459; x_wconf 90' lang='lat' dir='ltr'><strong>autem</strong></span> <span class='ocrx_word' id='word_1_109' title='bbox 609 1394 731 1480; x_wconf 81' lang='lat' dir='ltr'><strong>gratia,</strong></span> <span class='ocrx_word' id='word_1_110' title='bbox 767 1396 966 1461; x_wconf 82' lang='lat' dir='ltr'><strong>sanctissime</strong></span> <span class='ocrx_word' id='word_1_111' title='bbox 995 1397 1180 1495; x_wconf 85' lang='lat' dir='ltr'><strong>imperator,</strong></span> 
     </span>
     <span class='ocr_line' id='line_1_15' title="bbox 209 1479 1180 1578; baseline 0.002 -34"><span class='ocrx_word' id='word_1_112' title='bbox 209 1481 271 1545; x_wconf 90' lang='lat' dir='ltr'><strong>hoc</strong></span> <span class='ocrx_word' id='word_1_113' title='bbox 293 1481 354 1544; x_wconf 85' lang='lat' dir='ltr'><strong>tibi</strong></span> <span class='ocrx_word' id='word_1_114' title='bbox 375 1479 532 1564; x_wconf 91' lang='lat' dir='ltr'><strong>polliceor</strong></span> <span class='ocrx_word' id='word_1_115' title='bbox 553 1501 741 1578; x_wconf 75' lang='lat' dir='ltr'><strong>semperque</strong></span> <span class='ocrx_word' id='word_1_116' title='bbox 763 1481 948 1565; x_wconf 89' lang='lat' dir='ltr'><strong>praestabo,</strong></span> <span class='ocrx_word' id='word_1_117' title='bbox 975 1480 1056 1546; x_wconf 88' lang='lat' dir='ltr'><strong>milu</strong></span> <span class='ocrx_word' id='word_1_118' title='bbox 1077 1503 1180 1566; x_wconf 90' lang='lat' dir='ltr'><strong>neque</strong></span> 
     </span>
    </p>
   </div>
   <div class='ocr_carea' id='block_1_8' title="bbox 172 1561 1277 1650">
    <p class='ocr_par' dir='ltr' id='par_1_8' title="bbox 172 1561 1277 1650">
     <span class='ocr_line' id='line_1_16' title="bbox 172 1561 1277 1650; baseline 0.005 -24"><span class='ocrx_word' id='word_1_119' title='bbox 172 1586 196 1626; x_wconf 84' lang='lat'><strong>15</strong></span> <span class='ocrx_word' id='word_1_120' title='bbox 210 1566 245 1628; x_wconf 87' lang='lat' dir='ltr'><strong>in</strong></span> <span class='ocrx_word' id='word_1_121' title='bbox 264 1563 474 1650; x_wconf 83' lang='lat' dir='ltr'><strong>suggerendis</strong></span> <span class='ocrx_word' id='word_1_122' title='bbox 496 1564 638 1628; x_wconf 81' lang='lat' dir='ltr'><strong>consiliis</strong></span> <span class='ocrx_word' id='word_1_123' title='bbox 653 1564 823 1629; x_wconf 84' lang='lat' dir='ltr'><strong>ueritatem</strong></span> <span class='ocrx_word' id='word_1_124' title='bbox 843 1586 945 1649; x_wconf 89' lang='lat' dir='ltr'><strong>neque</strong></span> <span class='ocrx_word' id='word_1_125' title='bbox 965 1565 1000 1629; x_wconf 92' lang='lat' dir='ltr'><strong>in</strong></span> <span class='ocrx_word' id='word_1_126' title='bbox 1015 1566 1181 1650; x_wconf 87' lang='lat' dir='ltr'><strong>adeundis,</strong></span> <span class='ocrx_word' id='word_1_127' title='bbox 1274 1561 1277 1650; x_wconf 58' lang='lat' dir='ltr'><em>j</em></span> 
     </span>
    </p>
   </div>
   <div class='ocr_carea' id='block_1_9' title="bbox 172 1649 1277 2495">
    <p class='ocr_par' dir='ltr' id='par_1_9' title="bbox 172 1649 1277 2495">
     <span class='ocr_line' id='line_1_17' title="bbox 210 1649 1182 1734; baseline 0.003 -21"><span class='ocrx_word' id='word_1_128' title='bbox 210 1650 238 1713; x_wconf 90' lang='lat' dir='ltr'><strong>si</strong></span> <span class='ocrx_word' id='word_1_129' title='bbox 265 1671 316 1714; x_wconf 90' lang='lat' dir='ltr'><strong>res</strong></span> <span class='ocrx_word' id='word_1_130' title='bbox 342 1649 539 1734; x_wconf 85' lang='lat' dir='ltr'><strong>poposcerit,</strong></span> <span class='ocrx_word' id='word_1_131' title='bbox 568 1649 719 1733; x_wconf 84' lang='lat' dir='ltr'><strong>perieulis</strong></span> <span class='ocrx_word' id='word_1_132' title='bbox 746 1649 887 1713; x_wconf 88' lang='lat' dir='ltr'><strong>animum</strong></span> <span class='ocrx_word' id='word_1_133' title='bbox 914 1673 1017 1734; x_wconf 91' lang='lat' dir='ltr'><strong>neque</strong></span> <span class='ocrx_word' id='word_1_134' title='bbox 1045 1651 1081 1716; x_wconf 88' lang='lat' dir='ltr'><strong>in</strong></span> <span class='ocrx_word' id='word_1_135' title='bbox 1109 1673 1182 1716; x_wconf 88' lang='lat' dir='ltr'><strong>sen-</strong></span> 
     </span>
     <span class='ocr_line' id='line_1_18' title="bbox 210 1733 1182 1819; baseline 0.002 -21"><span class='ocrx_word' id='word_1_136' title='bbox 210 1735 313 1798; x_wconf 90' lang='lat' dir='ltr'><strong>tentia</strong></span> <span class='ocrx_word' id='word_1_137' title='bbox 341 1733 530 1818; x_wconf 87' lang='lat' dir='ltr'><strong>simpliciter</strong></span> <span class='ocrx_word' id='word_1_138' title='bbox 551 1734 683 1798; x_wconf 85' lang='lat' dir='ltr'><strong>ferenda</strong></span> <span class='ocrx_word' id='word_1_139' title='bbox 704 1733 799 1798; x_wconf 91' lang='lat' dir='ltr'><strong>fidem</strong></span> <span class='ocrx_word' id='word_1_140' title='bbox 827 1757 930 1819; x_wconf 92' lang='lat' dir='ltr'><strong>neque</strong></span> <span class='ocrx_word' id='word_1_141' title='bbox 958 1737 993 1800; x_wconf 88' lang='lat' dir='ltr'><strong>in</strong></span> <span class='ocrx_word' id='word_1_142' title='bbox 1014 1735 1182 1800; x_wconf 87' lang='lat' dir='ltr'><strong>hominnm</strong></span> 
     </span>
     <span class='ocr_line' id='line_1_19' title="bbox 210 1818 1277 1904; baseline 0.003 -22"><span class='ocrx_word' id='word_1_143' title='bbox 210 1818 431 1884; x_wconf 87' lang='lat' dir='ltr'><strong>uoluntatibus</strong></span> <span class='ocrx_word' id='word_1_144' title='bbox 453 1841 512 1904; x_wconf 90' lang='lat' dir='ltr'><strong>pro</strong></span> <span class='ocrx_word' id='word_1_145' title='bbox 540 1840 574 1882; x_wconf 89' lang='lat' dir='ltr'><strong>re</strong></span> <span class='ocrx_word' id='word_1_146' title='bbox 619 1818 726 1883; x_wconf 89' lang='lat' dir='ltr'><strong>ublica</strong></span> <span class='ocrx_word' id='word_1_147' title='bbox 747 1821 841 1904; x_wconf 86' lang='lat' dir='ltr'><strong>teque</strong></span> <span class='ocrx_word' id='word_1_148' title='bbox 863 1819 1028 1886; x_wconf 86' lang='lat' dir='ltr'><strong>laedendis</strong></span> <span class='ocrx_word' id='word_1_149' title='bbox 1051 1820 1181 1885; x_wconf 88' lang='lat' dir='ltr'><strong>liberta-</strong></span> <span class='ocrx_word' id='word_1_150' title='bbox 1276 1821 1277 1826; x_wconf 71' lang='grc'>’</span> 
     </span>
     <span class='ocr_line' id='line_1_20' title="bbox 210 1841 1277 1988; baseline -0.002 -22"><span class='ocrx_word' id='word_1_151' title='bbox 210 1907 277 1966; x_wconf 90' lang='lat' dir='ltr'><strong>tem</strong></span> <span class='ocrx_word' id='word_1_152' title='bbox 305 1925 409 1988; x_wconf 90' lang='lat' dir='ltr'><strong>neque</strong></span> <span class='ocrx_word' id='word_1_153' title='bbox 438 1903 471 1967; x_wconf 91' lang='lat' dir='ltr'><strong>in</strong></span> <span class='ocrx_word' id='word_1_154' title='bbox 493 1841 657 1968; x_wconf 59' lang='lat' dir='ltr'><strong>laboriius</strong></span> <span class='ocrx_word' id='word_1_155' title='bbox 683 1903 883 1988; x_wconf 85' lang='lat' dir='ltr'><strong>perferendis</strong></span> <span class='ocrx_word' id='word_1_156' title='bbox 908 1903 1098 1970; x_wconf 86' lang='lat' dir='ltr'><strong>industriam</strong></span> <span class='ocrx_word' id='word_1_157' title='bbox 1125 1926 1182 1970; x_wconf 88' lang='lat' dir='ltr'><strong>ne·</strong></span> <span class='ocrx_word' id='word_1_158' title='bbox 1276 1955 1277 1964; x_wconf 73' lang='grc'>,</span> 
     </span>
     <span class='ocr_line' id='line_1_21' title="bbox 173 1987 1182 2075; baseline 0.006 -27"><span class='ocrx_word' id='word_1_159' title='bbox 173 2008 198 2048; x_wconf 80' lang='lat' dir='ltr'><strong>ao</strong></span> <span class='ocrx_word' id='word_1_160' title='bbox 211 2009 272 2071; x_wconf 87' lang='lat' dir='ltr'><strong>que</strong></span> <span class='ocrx_word' id='word_1_161' title='bbox 299 1989 333 2053; x_wconf 91' lang='lat' dir='ltr'><strong>in</strong></span> <span class='ocrx_word' id='word_1_162' title='bbox 361 1987 518 2074; x_wconf 83' lang='lat' dir='ltr'><strong>augendis</strong></span> <span class='ocrx_word' id='word_1_163' title='bbox 547 1988 672 2073; x_wconf 88' lang='lat' dir='ltr'><strong>imperii</strong></span> <span class='ocrx_word' id='word_1_164' title='bbox 694 1989 741 2052; x_wconf 91' lang='lat' dir='ltr'><strong>tui</strong></span> <span class='ocrx_word' id='word_1_165' title='bbox 769 1989 943 2054; x_wconf 91' lang='lat' dir='ltr'><strong>commodis</strong></span> <span class='ocrx_word' id='word_1_166' title='bbox 968 1989 1053 2075; x_wconf 82' lang='lat' dir='ltr'><strong>greti</strong></span> <span class='ocrx_word' id='word_1_167' title='bbox 1081 1991 1182 2054; x_wconf 89' lang='lat' dir='ltr'><strong>animi</strong></span> 
     </span>
     <span class='ocr_line' id='line_1_22' title="bbox 211 2071 1182 2158; baseline 0 -20"><span class='ocrx_word' id='word_1_168' title='bbox 211 2073 465 2138; x_wconf 87' lang='lat' dir='ltr'><strong>beniuolentiam</strong></span> <span class='ocrx_word' id='word_1_169' title='bbox 493 2071 691 2155; x_wconf 84' lang='lat' dir='ltr'><strong>defuturam,</strong></span> <span class='ocrx_word' id='word_1_170' title='bbox 728 2072 822 2158; x_wconf 91' lang='lat' dir='ltr'><strong>idque</strong></span> <span class='ocrx_word' id='word_1_171' title='bbox 856 2074 944 2138; x_wconf 93' lang='lat' dir='ltr'><strong>omni</strong></span> <span class='ocrx_word' id='word_1_172' title='bbox 973 2075 1058 2139; x_wconf 88' lang='lat' dir='ltr'><strong>uitae</strong></span> <span class='ocrx_word' id='word_1_173' title='bbox 1091 2097 1182 2140; x_wconf 87' lang='lat' dir='ltr'><strong>meae</strong></span> 
     </span>
     <span class='ocr_line' id='line_1_23' title="bbox 210 2157 1181 2241; baseline 0.005 -21"><span class='ocrx_word' id='word_1_174' title='bbox 210 2161 354 2241; x_wconf 89' lang='lat' dir='ltr'><strong>tempore</strong></span> <span class='ocrx_word' id='word_1_175' title='bbox 382 2157 514 2222; x_wconf 87' lang='lat' dir='ltr'><strong>summis</strong></span> <span class='ocrx_word' id='word_1_176' title='bbox 542 2157 657 2240; x_wconf 90' lang='lat' dir='ltr'><strong>opibus</strong></span> <span class='ocrx_word' id='word_1_177' title='bbox 686 2157 849 2223; x_wconf 89' lang='lat' dir='ltr'><strong>enisurum</strong></span> <span class='ocrx_word' id='word_1_178' title='bbox 875 2158 1111 2224; x_wconf 89' lang='lat' dir='ltr'><strong>elaboraturum</strong></span> <span class='ocrx_word' id='word_1_179' title='bbox 1137 2159 1181 2225; x_wconf 86' lang='lat' dir='ltr'><strong>ef-</strong></span> 
     </span>
     <span class='ocr_line' id='line_1_24' title="bbox 211 2240 1181 2329; baseline 0.006 -25"><span class='ocrx_word' id='word_1_180' title='bbox 211 2241 372 2305; x_wconf 83' lang='lat' dir='ltr'><strong>fecturum</strong></span> <span class='ocrx_word' id='word_1_181' title='bbox 399 2244 435 2305; x_wconf 87' lang='lat' dir='ltr'><strong>ut</strong></span> <span class='ocrx_word' id='word_1_182' title='bbox 455 2240 595 2320; x_wconf 76' lang='lat' dir='ltr'><strong>honores</strong></span> <span class='ocrx_word' id='word_1_183' title='bbox 622 2243 657 2305; x_wconf 89' lang='lat' dir='ltr'><strong>in</strong></span> <span class='ocrx_word' id='word_1_184' title='bbox 684 2243 806 2306; x_wconf 85' lang='lat' dir='ltr'><strong>metui</strong></span> <span class='ocrx_word' id='word_1_185' title='bbox 835 2263 917 2326; x_wconf 90' lang='lat' dir='ltr'><strong>non,</strong></span> <span class='ocrx_word' id='word_1_186' title='bbox 948 2244 1023 2329; x_wconf 88' lang='lat' dir='ltr'><strong>quia</strong></span> <span class='ocrx_word' id='word_1_187' title='bbox 1051 2255 1181 2310; x_wconf 85' lang='lat' dir='ltr'><strong>necesse</strong></span> 
     </span>
     <span class='ocr_line' id='line_1_25' title="bbox 210 2325 1181 2413; baseline 0.003 -24"><span class='ocrx_word' id='word_1_188' title='bbox 210 2325 318 2410; x_wconf 85' lang='lat' dir='ltr'><strong>fuerit,</strong></span> <span class='ocrx_word' id='word_1_189' title='bbox 334 2325 374 2390; x_wconf 89' lang='lat' dir='ltr'><strong>ad</strong></span> <span class='ocrx_word' id='word_1_190' title='bbox 389 2347 619 2412; x_wconf 89' lang='lat' dir='ltr'><strong>quemcumque</strong></span> <span class='ocrx_word' id='word_1_191' title='bbox 632 2326 739 2407; x_wconf 86' lang='lat' dir='ltr'><strong>delati,</strong></span> <span class='ocrx_word' id='word_1_192' title='bbox 760 2328 826 2411; x_wconf 90' lang='lat' dir='ltr'><strong>sed,</strong></span> <span class='ocrx_word' id='word_1_193' title='bbox 843 2329 917 2412; x_wconf 91' lang='lat' dir='ltr'><strong>quia</strong></span> <span class='ocrx_word' id='word_1_194' title='bbox 931 2328 978 2392; x_wconf 87' lang='lat' dir='ltr'><strong>ita</strong></span> <span class='ocrx_word' id='word_1_195' title='bbox 993 2330 1181 2413; x_wconf 86' lang='lat' dir='ltr'><strong>oportuerit,</strong></span> 
     </span>
     <span class='ocr_line' id='line_1_26' title="bbox 172 2411 1088 2495; baseline 0.009 -25"><span class='ocrx_word' id='word_1_196' title='bbox 172 2429 198 2470; x_wconf 80' lang='lat'><strong>25</strong></span> <span class='ocrx_word' id='word_1_197' title='bbox 212 2414 298 2476; x_wconf 89' lang='lat' dir='ltr'><strong>recte</strong></span> <span class='ocrx_word' id='word_1_198' title='bbox 321 2411 417 2495; x_wconf 89' lang='lat' dir='ltr'><strong>positi</strong></span> <span class='ocrx_word' id='word_1_199' title='bbox 441 2415 474 2476; x_wconf 87' lang='lat' dir='ltr'><strong>et</strong></span> <span class='ocrx_word' id='word_1_200' title='bbox 495 2412 622 2476; x_wconf 86' lang='lat' dir='ltr'><strong>ratione</strong></span> <span class='ocrx_word' id='word_1_201' title='bbox 645 2411 793 2477; x_wconf 86' lang='lat' dir='ltr'><strong>collocati</strong></span> <span class='ocrx_word' id='word_1_202' title='bbox 816 2433 884 2478; x_wconf 86' lang='lat' dir='ltr'><strong>esse</strong></span> <span class='ocrx_word' id='word_1_203' title='bbox 906 2413 1088 2478; x_wconf 88' lang='lat' dir='ltr'><strong>uideantur.</strong></span> 
     </span>
    </p>
   </div>
   <div class='ocr_carea' id='block_1_10' title="bbox 211 2617 1183 2821">
    <p class='ocr_par' dir='ltr' id='par_1_10' title="bbox 211 2617 1183 2821">
     <span class='ocr_line' id='line_1_27' title="bbox 281 2617 1182 2683; baseline 0.003 -17"><span class='ocrx_word' id='word_1_204' title='bbox 281 2619 313 2668; x_wconf 83' lang='lat'><strong>10</strong></span> <span class='ocrx_word' id='word_1_205' title='bbox 330 2618 444 2668; x_wconf 85' lang='lat' dir='ltr'><strong>uiuente</strong></span> <span class='ocrx_word' id='word_1_206' title='bbox 462 2633 504 2668; x_wconf 89' lang='lat' dir='ltr'><strong>mc</strong></span> <span class='ocrx_word' id='word_1_207' title='bbox 524 2618 687 2682; x_wconf 78' lang='lat' dir='ltr'><strong>corrigente</strong></span> <span class='ocrx_word' id='word_1_208' title='bbox 708 2620 852 2670; x_wconf 77' lang='lat' dir='ltr'><strong>Liuineius:</strong></span> <span class='ocrx_word' id='word_1_209' title='bbox 871 2620 984 2670; x_wconf 84' lang='lat' dir='ltr'><strong>uiuente</strong></span> <span class='ocrx_word' id='word_1_210' title='bbox 1003 2619 1130 2682; x_wconf 79' lang='lat' dir='ltr'><strong>(iouente</strong></span> <span class='ocrx_word' id='word_1_211' title='bbox 1148 2617 1182 2683; x_wconf 82' lang='grc' dir='ltr'><strong>Δ)</strong></span> 
     </span>
     <span class='ocr_line' id='line_1_28' title="bbox 211 2685 1183 2753; baseline 0.005 -19"><span class='ocrx_word' id='word_1_212' title='bbox 211 2699 273 2735; x_wconf 84' lang='lat' dir='ltr'><strong>mea</strong></span> <span class='ocrx_word' id='word_1_213' title='bbox 291 2685 336 2735; x_wconf 89' lang='lat' dir='ltr'><strong>cui</strong></span> <span class='ocrx_word' id='word_1_214' title='bbox 354 2690 436 2750; x_wconf 87' lang='lat' dir='ltr'><strong>gente</strong></span> <span class='ocrx_word' id='word_1_215' title='bbox 454 2686 478 2734; x_wconf 80' lang='grc' dir='ltr'><strong>Δ</strong></span> <span class='ocrx_word' id='word_1_216' title='bbox 495 2685 569 2734; x_wconf 84' lang='lat' dir='ltr'><strong>Bere.</strong></span> <span class='ocrx_word' id='word_1_217' title='bbox 591 2687 735 2750; x_wconf 73' lang='lat' dir='ltr'><strong>iuuentute</strong></span> <span class='ocrx_word' id='word_1_218' title='bbox 754 2701 816 2738; x_wconf 88' lang='lat' dir='ltr'><strong>mea</strong></span> <span class='ocrx_word' id='word_1_219' title='bbox 833 2686 947 2753; x_wconf 79' lang='lat' dir='ltr'><strong>uigente</strong></span> <span class='ocrx_word' id='word_1_220' title='bbox 964 2687 985 2737; x_wconf 82' lang='lat' dir='ltr'>B</span> <span class='ocrx_word' id='word_1_221' title='bbox 1003 2688 1020 2736; x_wconf 78' lang='lat'><strong>0</strong></span> <span class='ocrx_word' id='word_1_222' title='bbox 1038 2689 1061 2737; x_wconf 77' lang='lat' dir='ltr'>V</span> <span class='ocrx_word' id='word_1_223' title='bbox 1084 2691 1183 2739; x_wconf 86' lang='lat' dir='ltr'><strong>iuuen-</strong></span> 
     </span>
     <span class='ocr_line' id='line_1_29' title="bbox 212 2751 1183 2821; baseline 0.002 -18"><span class='ocrx_word' id='word_1_224' title='bbox 212 2758 271 2803; x_wconf 85' lang='lat' dir='ltr'><strong>tute</strong></span> <span class='ocrx_word' id='word_1_225' title='bbox 290 2767 349 2802; x_wconf 86' lang='lat' dir='ltr'><strong>mca</strong></span> <span class='ocrx_word' id='word_1_226' title='bbox 368 2757 408 2804; x_wconf 89' lang='lat' dir='ltr'><strong>tui</strong></span> <span class='ocrx_word' id='word_1_227' title='bbox 427 2753 460 2800; x_wconf 81' lang='lat' dir='ltr'>W</span> <span class='ocrx_word' id='word_1_228' title='bbox 479 2753 543 2819; x_wconf 82' lang='lat' dir='ltr'><strong>(seq.</strong></span> <span class='ocrx_word' id='word_1_229' title='bbox 561 2769 613 2803; x_wconf 80' lang='lat' dir='ltr'><strong>ros.</strong></span> <span class='ocrx_word' id='word_1_230' title='bbox 632 2759 649 2803; x_wconf 84' lang='lat'><strong><em>5</em></strong></span> <span class='ocrx_word' id='word_1_231' title='bbox 666 2751 726 2818; x_wconf 76' lang='lat' dir='ltr'><strong>liet.)</strong></span> <span class='ocrx_word' id='word_1_232' title='bbox 743 2751 753 2818; x_wconf 80' lang='grc' dir='ltr'><strong>ΙΙ</strong></span> <span class='ocrx_word' id='word_1_233' title='bbox 772 2756 801 2803; x_wconf 91' lang='grc'><strong>11</strong></span> <span class='ocrx_word' id='word_1_234' title='bbox 822 2751 920 2819; x_wconf 81' lang='lat' dir='ltr'><strong>etiam]</strong></span> <span class='ocrx_word' id='word_1_235' title='bbox 941 2760 969 2805; x_wconf 86' lang='lat' dir='ltr'><strong>et</strong></span> <span class='ocrx_word' id='word_1_236' title='bbox 986 2755 1062 2806; x_wconf 85' lang='lat' dir='ltr'><strong>Bert.</strong></span> <span class='ocrx_word' id='word_1_237' title='bbox 1078 2753 1083 2821; x_wconf 80' lang='lat' dir='ltr'><strong>l</strong></span> <span class='ocrx_word' id='word_1_238' title='bbox 1099 2772 1142 2807; x_wconf 89' lang='lat' dir='ltr'><strong>me</strong></span> <span class='ocrx_word' id='word_1_239' title='bbox 1159 2757 1183 2805; x_wconf 80' lang='grc' dir='ltr'><strong>Δ</strong></span> 
     </span>
    </p>
   </div>
   <div class='ocr_carea' id='block_1_11' title="bbox 212 2819 1275 2886">
    <p class='ocr_par' dir='ltr' id='par_1_11' title="bbox 212 2819 1275 2886">
     <span class='ocr_line' id='line_1_30' title="bbox 212 2819 1275 2886; baseline 0.005 -17"><span class='ocrx_word' id='word_1_240' title='bbox 212 2819 302 2872; x_wconf 71' lang='lat' dir='ltr'><strong>Bert:</strong></span> <span class='ocrx_word' id='word_1_241' title='bbox 330 2837 347 2871; x_wconf 88' lang='lat' dir='ltr'><strong>a</strong></span> <span class='ocrx_word' id='word_1_242' title='bbox 365 2837 406 2871; x_wconf 87' lang='lat' dir='ltr'><strong>me</strong></span> <span class='ocrx_word' id='word_1_243' title='bbox 423 2823 444 2870; x_wconf 81' lang='lat' dir='ltr'>B</span> <span class='ocrx_word' id='word_1_244' title='bbox 463 2824 480 2870; x_wconf 82' lang='lat'><strong>0</strong></span> <span class='ocrx_word' id='word_1_245' title='bbox 498 2823 520 2870; x_wconf 84' lang='lat' dir='ltr'>V</span> <span class='ocrx_word' id='word_1_246' title='bbox 537 2823 570 2870; x_wconf 81' lang='lat' dir='ltr'>W</span> <span class='ocrx_word' id='word_1_247' title='bbox 599 2819 610 2886; x_wconf 73' lang='grc' dir='ltr'><strong>ΙΙ</strong></span> <span class='ocrx_word' id='word_1_248' title='bbox 639 2823 671 2872; x_wconf 78' lang='grc'><strong>20</strong></span> <span class='ocrx_word' id='word_1_249' title='bbox 693 2823 765 2886; x_wconf 84' lang='lat' dir='ltr'><strong>grati</strong></span> <span class='ocrx_word' id='word_1_250' title='bbox 783 2821 868 2874; x_wconf 88' lang='lat' dir='ltr'><strong>animi</strong></span> <span class='ocrx_word' id='word_1_251' title='bbox 885 2821 1103 2874; x_wconf 85' lang='lat' dir='ltr'><strong>beniuolentiam</strong></span> <span class='ocrx_word' id='word_1_252' title='bbox 1124 2839 1183 2876; x_wconf 81' lang='lat' dir='ltr'><strong>eor·</strong></span> <span class='ocrx_word' id='word_1_253' title='bbox 1274 2839 1275 2842; x_wconf 48' lang='lat'>¹</span> 
     </span>
    </p>
   </div>
   <div class='ocr_carea' id='block_1_12' title="bbox 209 2891 1186 3073">
    <p class='ocr_par' dir='ltr' id='par_1_12' title="bbox 209 2891 1186 3073">
     <span class='ocr_line' id='line_1_31' title="bbox 210 2891 1184 2956; baseline 0.005 -19"><span class='ocrx_word' id='word_1_254' title='bbox 210 2896 311 2952; x_wconf 82' lang='lat' dir='ltr'><strong>ruptum</strong></span> <span class='ocrx_word' id='word_1_255' title='bbox 334 2897 386 2948; x_wconf 81' lang='lat' dir='ltr'><strong>est,</strong></span> <span class='ocrx_word' id='word_1_256' title='bbox 413 2897 500 2952; x_wconf 81' lang='lat' dir='ltr'><strong>utpote</strong></span> <span class='ocrx_word' id='word_1_257' title='bbox 518 2907 531 2939; x_wconf 96' lang='lat' dir='ltr'><strong>e</strong></span> <span class='ocrx_word' id='word_1_258' title='bbox 549 2891 567 2939; x_wconf 89' lang='lat' dir='ltr'><strong>l.</strong></span> <span class='ocrx_word' id='word_1_259' title='bbox 588 2893 620 2939; x_wconf 83' lang='lat'><strong>10</strong></span> <span class='ocrx_word' id='word_1_260' title='bbox 640 2893 783 2950; x_wconf 78' lang='lat' dir='ltr'><strong>repetitum.</strong></span> <span class='ocrx_word' id='word_1_261' title='bbox 813 2891 970 2955; x_wconf 85' lang='lat' dir='ltr'><strong>reposuerim</strong></span> <span class='ocrx_word' id='word_1_262' title='bbox 993 2891 1147 2942; x_wconf 85' lang='lat' dir='ltr'><strong>ualentiam</strong></span> <span class='ocrx_word' id='word_1_263' title='bbox 1175 2891 1184 2956; x_wconf 75' lang='lat' dir='ltr'><strong>ll</strong></span> 
     </span>
     <span class='ocr_line' id='line_1_32' title="bbox 209 2952 1186 3073; baseline 0.004 -67"><span class='ocrx_word' id='word_1_264' title='bbox 209 2957 412 3073; x_wconf 58' lang='lat' dir='ltr'><strong>idrietnvixumm</strong></span> <span class='ocrx_word' id='word_1_265' title='bbox 436 2957 583 3005; x_wconf 73' lang='lat' dir='ltr'><strong>BGVW</strong></span> <span class='ocrx_word' id='word_1_266' title='bbox 612 2955 622 3020; x_wconf 90' lang='grc' dir='ltr'><strong>ΙΙ</strong></span> <span class='ocrx_word' id='word_1_267' title='bbox 653 2959 686 3006; x_wconf 78' lang='grc'><strong>24</strong></span> <span class='ocrx_word' id='word_1_268' title='bbox 713 2952 789 3023; x_wconf 85' lang='lat' dir='ltr'><strong>quia]</strong></span> <span class='ocrx_word' id='word_1_269' title='bbox 819 2959 891 3023; x_wconf 86' lang='lat' dir='ltr'><strong>quod</strong></span> <span class='ocrx_word' id='word_1_270' title='bbox 919 2958 993 3009; x_wconf 84' lang='lat' dir='ltr'><strong>Bere.</strong></span> <span class='ocrx_word' id='word_1_271' title='bbox 1025 2957 1035 3024; x_wconf 86' lang='grc' dir='ltr'><strong>ΙΙ</strong></span> <span class='ocrx_word' id='word_1_272' title='bbox 1065 2961 1098 3010; x_wconf 75' lang='lat'><strong>25</strong></span> <span class='ocrx_word' id='word_1_273' title='bbox 1126 2959 1186 3010; x_wconf 91' lang='lat' dir='ltr'><strong>col-</strong></span> 
     </span>
    </p>
   </div>
   <div class='ocr_carea' id='block_1_13' title="bbox 0 0 1304 3996">
    <p class='ocr_par' dir='ltr' id='par_1_13' title="bbox 0 0 1304 3996">
     <span class='ocr_line' id='line_1_33' title="bbox 0 0 1304 3996; baseline 0 0"><span class='ocrx_word' id='word_1_274' title='bbox 0 0 1304 3996; x_wconf 95' lang='lat' dir='ltr'><strong> </strong></span> 
     </span>
    </p>
   </div>
  </div>
 </body>
</html>
