2578 4000
214 181 274 248 166
477 193 479 196 ·
527 185 590 238 ru.
619 184 765 237 russam
783 186 863 240 ran.

212 333 439 400 Constantium
466 333 560 398 Pium
590 334 688 399 stiam
715 335 751 399 in
779 357 909 401 excessu
939 357 996 402 suo
1024 337 1185 404 felicitate

212 418 371 482 donastis!
414 421 588 504 imperator
614 421 787 484 transitum
815 420 958 486 facturus
991 423 1026 487 in
1058 422 1186 488 caelum

210 501 293 567 uidit
321 525 415 586 quem
442 504 643 588 relinquebat
671 503 829 569 heredem.
875 505 948 570 ilico
975 507 1185 592 animatque

210 587 264 652 ille
286 589 379 652 terris
402 587 508 653 luerat
531 592 710 674 exemptus,
741 590 909 655 uniuersus
933 591 968 655 in
991 595 1023 656 te
1046 613 1185 658 conson-

185 673 253 737 asit
275 673 447 758 exercitus,
474 676 506 738 te
529 675 672 738 omniurn
693 677 818 739 mentes
840 675 993 758 oculique
1008 675 1187 762 signarunt

211 760 257 840 et,
286 779 477 842 quamquam
503 761 539 822 tu
566 759 605 824 ad
633 758 774 823 seniores
796 760 959 844 principes
987 760 1027 825 de
1056 783 1186 826 summa

166 843 256 905 »rei
278 843 425 925 publicae
448 843 523 928 quid
541 843 611 908 fieri
632 843 774 927 placeret
795 844 982 928 rettulisses,
1005 866 1185 929 praeuene-

209 929 286 990 runt
309 927 414 992 studio
437 927 520 1013 quod
542 927 590 992 illi
611 949 687 992 mox
709 928 825 994 iudicio
847 929 1078 1013 probauerunt.
1134 953 1185 996 ur-

208 1031 323 1093 puram
355 1011 464 1076 statim
496 1012 572 1095 tibi,
606 1034 678 1077 cum
711 1014 833 1097 primus
867 1015 992 1099 copiam
1023 1015 1074 1078 tui
1104 953 1186 1080 licit

172 1113 374 1180 segressus,
401 1096 520 1161 milites
541 1096 676 1161 utilitati
697 1098 852 1180 publicae¹
868 1099 972 1184 magis
995 1121 1094 1183 quam
1116 1101 1184 1166 tuis

209 1180 375 1244 affectibus
396 1181 570 1247 seruientes
591 1182 729 1246 iniecere
747 1182 939 1248 lacrimanti.
967 1202 1072 1268 neque
1095 1185 1185 1250 enim

208 1264 258 1328 fas
282 1267 351 1330 erat
373 1265 491 1330 diutius
508 1266 578 1330 fleri
599 1267 779 1352 principem
803 1270 1034 1333 consecratum.
1064 1268 1185 1334 diceris

209 1349 316 1433 etiarn,
339 1351 510 1434 imperator
530 1352 659 1435 inuicto,
683 1351 829 1416 ardorem
843 1351 935 1416 illurn
954 1355 987 1417 te
1003 1353 1185 1437 deposcen-

208 1435 250 1498 tis
279 1436 437 1500 exercitus
458 1436 570 1521 fugare
601 1439 731 1500 conatus
761 1458 879 1521 equum
901 1437 1078 1502 calcaribus
1101 1439 1185 1504 inci-

171 1533 196 1574 15
209 1523 304 1584 tasse.
340 1520 424 1603 quod
446 1521 583 1604 quidem,
606 1524 642 1586 ut
663 1542 774 1584 uerum
796 1520 917 1603 audias,
941 1522 1184 1588 adulescentiae

209 1624 313 1668 errore
340 1605 490 1670 faciebas.
535 1606 606 1690 quis
635 1605 720 1669 enim
748 1609 780 1670 te
810 1604 955 1690 Cyllarus
989 1609 1047 1670 aut
1076 1609 1183 1673 Arion

207 1693 318 1773 posset
339 1691 461 1774 eripere
484 1711 578 1774 quem
600 1691 790 1776 sequebatur
811 1690 1005 1774 imperium?
1037 1691 1110 1776 illa,
1133 1693 1184 1756 in·

230 1796 320 1858 uam,
350 1775 406 1840 illa
433 1776 599 1859 maiestas,
649 1775 746 1859 uippe
768 1774 855 1840 Iouis
884 1775 991 1840 oblata
1011 1780 1097 1842 nutu
1120 1799 1182 1842 nec

207 1795 287 1922 iridi
309 1859 403 1924 deum
425 1861 571 1942 nuntiae,
600 1798 654 1925 sed
676 1861 786 1945 pinnis
810 1861 979 1925 commissa
1001 1859 1179 1944 Uictoriae,

170 1958 195 1997 ιο
208 1945 276 2008 tam
297 1943 391 2009 facile
408 1948 441 2009 te
465 1945 615 2010 comitata
637 1950 686 2009 est
708 1966 804 2028 quam
827 1945 890 2010 cito
913 1946 953 2010 cd
968 1949 1071 2010 terras
1094 1947 1181 2012 eaelo

207 2028 305 2092 missa
332 2029 534 2112 perueniunt.
579 2029 625 2092 sic
653 2029 843 2094 modestiam
869 2032 959 2094 tuam
988 2035 1086 2114 atquo
1115 2031 1181 2115 pis·

207 2115 308 2176 tatem
337 2117 369 2176 et
396 2111 563 2176 differendi
588 2112 713 2195 imperii
743 2117 876 2178 conatus
904 2115 1047 2180 ostendit
1075 2118 1110 2181 et
1135 2116 1182 2180 rei

207 2195 356 2281 publicae
378 2196 515 2260 felicitas
536 2196 625 2262 uicit.
865 2245 867 2249 -

271 2279 328 2345 ΙΧ.
361 2278 388 2344 O
411 2280 577 2346 fortunata
601 2284 633 2346 et
654 2303 742 2348 nunc
764 2283 912 2347 omnibus
934 2283 1061 2348 beatior
1083 2283 1181 2349 terris

171 2377 196 2420 2⁵
210 2362 380 2430 Britannia
387 2415 396 2450 ,
428 2387 508 2450 quac
532 2365 779 2432 Constantinum
802 2366 972 2432 Caesarem
1000 2368 1107 2452 prima
1133 2369 1182 2432 ui-

210 2449 301 2516 disti!
335 2451 449 2516 merito
472 2455 504 2516 te
526 2453 674 2517 omnibus
701 2453 782 2517 caeli
804 2452 841 2517 ao
865 2452 924 2517 soll
946 2452 1040 2516 bonis
1063 2456 1182 2518 natura

210 2534 357 2617 donauit,
391 2536 426 2599 in
455 2557 518 2620 qua
547 2558 607 2602 nec
635 2537 723 2622 rigor
750 2540 799 2602 est
828 2537 946 2602 nimius
974 2537 1091 2602 hiemis
1120 2559 1182 2602 nec

209 2619 303 2683 ardor
330 2619 475 2704 aestatis,
503 2621 538 2685 in
566 2642 628 2705 qua
656 2625 802 2705 segetum
822 2624 917 2687 tanta
937 2621 1121 2688 fecunditas
1146 2626 1183 2686 ut

209 2703 393 2770 muneribus
416 2705 558 2790 utrisque
581 2706 720 2771 sufficiat
743 2711 774 2771 et
796 2704 921 2775 Cereris
945 2709 978 2771 et
999 2705 1121 2791 Liberi,
1148 2708 1183 2772 in

172 2804 197 2844 ³0
211 2811 272 2874 qua
300 2811 432 2854 nemora
459 2790 528 2855 sine
556 2790 739 2855 inmanibus
761 2791 885 2874 bestiis,
914 2795 1001 2856 terra
1023 2793 1094 2856 sine
1117 2813 1182 2856 ser·

209 2875 361 2959 pentibus
383 2875 503 2959 noxiis3
538 2879 647 2940 contra
669 2897 820 2959 pecorum
848 2876 974 2940 mitium
997 2876 1181 2941 innumera·

280 3117 293 3163 l
314 3114 490 3164 constantinii
510 3112 557 3179 wll
574 3116 590 3164 4
609 3114 815 3169 conscendisti
832 3113 842 3180 ΙΙ
860 3117 874 3165 ἵ
893 3129 947 3178 rep.
965 3112 1044 3184 Alss.
1058 3129 1183 3182 purpure

211 3182 229 3228 0
244 3177 256 3244 Η
273 3184 288 3230 9
306 3181 423 3244 primum
440 3194 465 3229 w
483 3183 541 3232 edd.
558 3180 569 3246 11
589 3183 622 3233 15
640 3182 739 3233 audias
758 3185 788 3232 0:
808 3181 906 3232 audies
923 3183 950 3229 ld
971 3180 981 3247 ΙΙ
1005 3184 1036 3232 16
1053 3183 1183 3248 gyllsrus

211 3247 300 3295 ΔΝ
312 3247 424 3313 gylarus
435 3250 456 3299 B
469 3249 583 3314 gillarus
596 3252 613 3298 0
626 3247 637 3314 ΙΙ
651 3251 681 3300 18
695 3249 794 3316 quippe
806 3253 914 3314 scripsi:
930 3265 980 3315 que
993 3254 1035 3300 uel
1046 3265 1122 3314 quac
1134 3254 1163 3300 Ι
1177 3249 1180 3316 Ι

210 3314 287 3365 Iouis
306 3315 398 3366 oblata
415 3320 523 3380 scripsi:
541 3317 600 3367 ioui
617 3317 731 3369 subrcta
747 3318 775 3366 1
792 3318 868 3368 louis
886 3317 1013 3368 subiecta
1031 3319 1092 3369 edd.
1116 3316 1127 3384 fl
1143 3321 1182 3372 ,19

212 3383 304 3448 pinnis
324 3397 354 3449 ςε
373 3385 447 3448 pinis
464 3384 491 3432 Ι
506 3383 581 3436 Bert.
602 3383 693 3449 (pinus
711 3399 728 3435 ιι
746 3386 822 3450 prius
840 3397 866 3433 m
879 3383 902 3448 r)
915 3382 925 3450 ΙΙ
938 3386 971 3434 20
989 3385 1126 3436 comitate
1143 3399 1183 3435 v:

212 3451 356 3500 contincta
373 3453 396 3499 Δ
415 3453 561 3501 contincta
578 3453 598 3501 B
614 3452 636 3500 V
655 3453 817 3502 continuata
835 3454 853 3500 0
871 3451 945 3503 Bere.
961 3452 965 3514 l
982 3449 1071 3517 caelo]
1089 3451 1146 3503 tels
1165 3456 1183 3503 0

213 3514 225 3582 ll
247 3519 280 3569 24
298 3515 382 3585 nnnc]
402 3531 456 3568 una
476 3519 609 3569 Acidaliae
621 3516 631 3583 11
644 3521 676 3570 25
695 3521 851 3571 constinum
868 3517 913 3586 All
926 3522 958 3572 30
975 3524 1068 3572 terras
1085 3521 1109 3570 A
1126 3521 1185 3570 BV
