2582 3992
205 187 247 252 '98
459 188 495 238 11.
532 185 917 240 cL.MAMERT1N1PAN.

169 301 171 304 v
205 338 338 402 fortuna
359 335 562 420 respondeat.
598 334 830 418 rempublicam
858 334 946 400 enim
972 355 1038 400 unu
1065 337 1180 400 mente

205 421 335 519 regitis;
356 441 460 518 neque
481 421 574 485 uobis
601 423 695 483 tanta
721 418 862 484 locorum
890 418 1060 485 diuersitas
1082 419 1180 484 obest
1285 443 1286 452 ²

206 526 375 590 quommus
407 504 497 569 rllsm
531 503 631 568 ueluti
659 503 778 568 iunctis
812 502 950 568 dexteris
978 503 1179 590 gubernetis.

205 592 267 675 ita,
297 590 444 675 quamuis
472 589 674 653 maiestatem
699 588 823 673 regium
850 587 1015 673 geminato
1042 588 1179 652 numine

178 675 362 774 stupeatis,
387 673 562 771 utilitatern
588 671 715 757 imperii
743 673 793 736 sin
839 671 916 770 luris
945 671 1180 769 consentiendc

203 759 360 825 retmetis
391 778 496 842 quare,
519 778 546 822 sr
567 778 634 822 non
656 757 776 821 frustra
828 777 914 823 raec1
936 759 1050 840 poetae
1071 756 1178 822 honn-

203 843 299 909 nibus
314 842 471 907 iustitium
487 841 666 908 colentibus
680 841 910 925 repromittunt
928 841 1023 906 binos
1038 862 1179 940 gregum
1284 843 1286 864 ⁴

203 928 288 992 fetus
310 931 344 991 et
365 926 508 1011 duplices
530 926 679 990 arborum
699 925 833 1010 fructus,
855 947 943 990 nunc
965 947 1076 990 omniu
1097 946 1179 1013 gen·

202 1011 289 1076 tibus
303 1011 463 1076 uniuersis
477 1011 606 1096 gemine
628 1010 794 1093 debentur,
819 1031 954 1094 querum
974 1031 1031 1075 uos
1052 1010 1179 1074 domini

166 1099 273 1162 10tum
295 1099 406 1161 sancte
427 1095 585 1160 iustitiam
611 1097 646 1160 et
672 1094 873 1160 concordium
903 1094 1016 1160 colitis.
1047 1096 1084 1158 tu
1106 1095 1179 1179 qui·
1285 1101 1286 1176 }

204 1180 277 1246 dem
311 1184 413 1262 certe,
448 1180 638 1264 imperator,
672 1182 801 1244 tuntum
834 1199 903 1244 esse
934 1180 970 1244 in
1003 1178 1181 1245 concordis
1285 1177 1286 1214 ³

204 1265 324 1329 bunum
353 1264 470 1329 statuis
498 1267 535 1329 ut
556 1263 653 1328 etiam
679 1285 734 1328 eos
762 1265 817 1347 qui
839 1264 924 1328 circu
951 1267 984 1329 te
1005 1263 1178 1347 potissimo

202 1349 383 1447 funguntur
421 1348 528 1446 officio
564 1348 803 1446 necessitudine
839 1347 900 1446 tibi
939 1351 972 1412 et
1012 1347 1178 1414 affinitate

204 1432 401 1517 deurnxeris‚
441 1433 475 1497 1d
506 1431 756 1516 pulcherrunum
790 1433 965 1497 arbitratus
999 1431 1177 1498 adhaerere

165 1537 191 1578 15
203 1517 298 1582 lateri
324 1521 379 1582 tuo
406 1538 473 1582 non
502 1517 626 1583 timoris
654 1518 825 1601 obsequia,
848 1516 910 1582 sed
935 1520 1012 1582 uota
1032 1517 1177 1600 pietatis.

203 1622 337 1700 quoruru¹
372 1601 471 1667 ductu
502 1603 665 1700 proximu·
704 1623 778 1699 cum
824 1601 1019 1667 felicissimis
1056 1602 1177 1666 uestris

203 1705 353 1835 tull
375 1685 982 1836 rutulus?situl
998 1707 1083 1836 ur
1102 1687 1179 1835 ll:

202 1858 340 1940 perator,
371 1858 479 1920 uestra
500 1855 569 1920 laus
593 1858 651 1920 est.
687 1854 818 1920 anobis
833 1821 1052 1940 'proficiscitur
1076 1820 1178 1920 e’tiem

165 1961 190 2000 20
204 1940 288 2024 quod
309 1961 367 2024 per
389 1940 469 2004 ulios
495 1940 744 2004 administretur.
779 1943 816 2003 ut
843 1940 928 2004 enim
956 1939 1066 2003 omnia
1089 1961 1179 2004 com·
1209 1997 1212 2002 .
1283 1975 1285 1988 ε

203 2023 297 2088 mods
319 2024 407 2090 caelo
430 2027 578 2107 terraque
605 2029 715 2108 parte,
746 2022 822 2089 licet
849 2024 1047 2088 diuersorum
1069 2025 1177 2088 numi-

202 2129 281 2172 num
302 2129 362 2256 ope
382 2107 476 2171 nobis
491 2108 662 2190 prouenire
677 2107 858 2191 uideantur,
882 2109 1049 2173 asummis
1062 2111 1176 2174 tamen
1284 2109 1285 2116 ’

203 2192 325 2255 auctori
348 2212 386 2256 us
413 2196 561 2275 manant,
593 2191 672 2256 Ioue
703 2195 826 2257 recture
859 2192 939 2258 caeli
972 2196 1005 2257 et
1031 2191 1177 2258 Hercule
1284 2255 1285 2260 ,

203 2279 356 2358 pecatore
377 2279 550 2341 terrarum:
577 2277 624 2340 sic
650 2276 798 2341 omnibus
819 2277 1044 2361 pulcherrimis
1066 2277 1176 2361 rebus,
1284 2287 1285 2362 g

165 2378 190 2419 es
204 2360 302 2425 etiam
336 2380 417 2444 quae
449 2360 585 2425 aliorum
621 2360 718 2426 ductu
750 2364 920 2446 geruntur,
948 2360 1177 2427 Diocletianus

202 2444 316 2528 facem,
338 2449 375 2509 tu
396 2443 511 2510 tribuis
534 2445 692 2514 effectum.
729 2449 871 2528 uestrae,
898 2446 1046 2529 inquam,
1073 2445 1178 2510 fortu-

203 2550 274 2610 nae,
309 2531 435 2594 uestrae
467 2528 634 2595 felicitatis
668 2533 726 2610 est,
765 2531 952 2613 imperator,
987 2529 1074 2614 quod
1108 2531 1177 2594 iem

203 2613 322 2678 milites
349 2613 450 2678 uestri
482 2613 523 2678 ad
552 2635 707 2680 oceanum
728 2634 903 2698 peruenere
924 2614 1077 2698 uictoria,
1108 2615 1177 2678 iam

204 2716 366 2762 caesorum
387 2697 422 2761 in
444 2697 500 2762 illo
522 2698 618 2763 litore
639 2700 781 2764 hostium
805 2698 994 2784 sanguinem
1016 2699 1177 2792 reciproci

164 2799 191 2840 ec
205 2780 319 2847 fluctus
341 2782 543 2848 sorbuerunt.

259 2865 333 2931 XII.
357 2866 441 2944 Quid
460 2888 546 2932 nunc
567 2867 668 2932 animi
684 2865 784 2932 habet
798 2866 854 2931 ille
874 2866 990 2950 piretu,
1015 2888 1089 2932 cum
1111 2866 1177 2932 fre-

202 2952 271 3014 tum
292 2951 371 3020 illud
398 2972 461 3036 quo
483 2952 551 3017 solo
579 2954 714 3016 mortem
736 2972 826 3017 suum
847 2951 1010 3035 hucusque
1031 2972 1177 3016 remora·
1283 3007 1284 3014 ,

193 3195 195 3198 -
271 3170 381 3222 3illum
399 3175 508 3238 scripsi:
533 3173 616 3222 etiam
632 3172 660 3218 ΙΙ
680 3169 683 3234 l
703 3171 791 3222 ueluti
808 3171 912 3223 iunctis
930 3174 1078 3222 Liuineius:
1096 3173 1178 3223 uelut
1283 3215 1284 3236 ,

203 3238 318 3288 inuictis
329 3242 357 3288 1
369 3237 379 3304 ΙΙ
392 3241 408 3291 5
421 3242 558 3291 unitatem
570 3238 754 3290 Ritterclruriuc
767 3236 777 3303 ll
790 3241 805 3289 ‘1
817 3239 897 3290 binos
908 3239 981 3288 Νι
994 3239 1083 3291 bonos
1094 3242 1116 3289 B
1126 3241 1180 3290 cv

203 3302 211 3368 ll
231 3307 262 3356 19
274 3305 352 3356 nobis
365 3306 397 3355 W
412 3305 416 3372 Ι
432 3311 460 3358 et
479 3305 551 3371 quod
564 3308 581 3354 0
593 3304 604 3370 ΙΙ
616 3308 650 3356 20
661 3305 802 3357 commodo
814 3307 895 3355 ΔΝ
907 3305 917 3372 fl
929 3309 961 3356 21
974 3306 1037 3358 luce
1051 3307 1142 3358 diue
1163 3305 1176 3373 ΙΙ

202 3374 236 3421 22
250 3387 332 3438 opere
350 3374 425 3426 Bert.
449 3372 459 3440 fl
480 3376 513 3423 26
531 3374 620 3424 lucem
637 3373 733 3436 scripsi
748 3389 809 3424 mue.
827 3374 907 3425 lites.
926 3374 1045 3424 XXVII
1061 3391 1089 3439 p.
1108 3379 1178 3425 215.ι

203 3438 273 3490 fecit
289 3441 316 3489 x
336 3455 448 3492 causum
467 3442 585 3492 Elde'kr'uc
607 3443 700 3490 sctum
723 3439 936 3505 Eyssenhardtus
959 3439 970 3506 ΙΙ
998 3443 1032 3492 28
1050 3442 1181 3493 uictores

203 3520 228 3554 w
251 3504 261 3572 Ι]
284 3511 317 3560 29
336 3509 470 3573 sunguine
488 3508 512 3556 A
529 3509 549 3556 B
568 3501 588 3554 c
1047 3529 1050 3534 -
