2578 4000
183 179 247 243 216
514 179 548 230 x.
578 177 728 230 uszsnn
745 177 825 229 rau.

184 332 248 395 iam
262 331 389 413 patrem
409 327 563 409 sentiens,
587 326 616 390 si
631 326 707 410 quid
721 327 877 391 intactum
897 329 953 390 aut
967 347 1083 410 parens
1099 330 1157 392 aut

183 415 284 478 frater
304 416 462 494 reseruet,
485 411 627 475 declarat
647 431 723 475 mox
743 410 898 475 uictorem
919 410 1076 494 futurum,
1099 413 1155 495 qui

184 499 293 562 animo
314 498 380 561 iam
400 516 487 562 nuuc
507 495 610 559 uincit
632 498 780 559 aetatem.
812 496 951 578 rapitur
972 495 1091 579 quippe
1114 495 1154 559 ad

185 581 427 647 similitudinem
449 599 579 645 suorum
601 579 759 644 excellens
775 599 917 664 quaeque
938 582 1071 664 natura;
1092 599 1155 645 nec

159 667 305 732 ssensim
327 687 364 730 ae
378 666 466 730 lente
482 663 637 729 indicium
651 664 770 747 promit
785 664 871 747 boni,
893 685 966 728 cum
987 665 1156 729 inuoluere

184 751 341 816 infantiae
363 749 506 814 uiuidum
527 748 616 831 rupit
636 748 813 832 ingenium.
850 748 935 812 unde
958 748 1045 812 enim
1066 748 1154 831 prin-

185 832 634 982 91P5⁸.mdfilmil³ml⁶ff¹¹⁸u⁸
649 832 966 980 inliberosarpipnus,
990 833 1053 896 nisi
1069 832 1154 916 quod

184 941 249 984 ram
271 941 306 983 m
327 941 339 982 1
364 941 392 982 rs
414 939 497 982 srmu
511 939 621 981 acrum
642 936 691 980 sur
714 937 792 980 cons
815 937 858 980 101

248 1002 306 1068 IV.
352 1001 563 1067 Commendet
586 939 894 1070 inferioribuspsuos
923 1000 991 1064 sola
1016 1001 1155 1064 necessi·

147 1105 173 1146 ro
184 1086 262 1152 tudo
289 1089 440 1169 naturae,
469 1089 502 1150 et
523 1085 769 1169 qualescumque
791 1085 930 1169 diligant
951 1084 1006 1169 qui
1032 1086 1068 1148 in
1090 1084 1156 1148 iliis

185 1171 269 1269 quod
281 1193 328 1267 ‘ex
350 1191 384 1234 se
399 1170 583 1266 desiderent
602 1189 669 1266 non
685 1168 820 1235 habent:
842 1169 1156 1267 praestantissimum

184 1276 364 1404 editt
377 1255 453 1404 lu
468 1254 835 1421 ttdlldttttd
853 1273 1156 1422 dautur

186 1424 310 1508 effigies
332 1425 435 1507 possit
454 1423 591 1507 includi3
620 1425 652 1487 et
672 1426 766 1507 pater
787 1422 941 1506 optimus,
966 1421 1021 1486 scd
1043 1421 1157 1485 melior

148 1507 655 1656 ”tteftttansstdlmtt
675 1506 1002 1656 iilisffiputtl‘?
1015 1507 1156 1654 diffidit

185 1675 322 1740 ficienda
344 1697 425 1760 quae
446 1679 639 1761 ingenerata
659 1679 736 1741 sunt
757 1641 844 1740 bona
871 1613 938 1739 tion
959 1675 1069 1759 segnis
1084 1611 1157 1738 Itir-

185 1763 292 1825 tutum
313 1761 426 1858 opifex·
442 1760 613 1858 disciplina
641 1760 863 1858 coniungitur,
892 1761 930 1822 ut
951 1779 1030 1856 spes·
1047 1760 1157 1856 aequi-

148 1844 330 1994 itaut
343 1843 1156 2014 tlttoetlglaqtttttddtudtttd

186 2014 292 2098 ipsum
314 2016 464 2078 atenero
485 2014 659 2096 intuentes,
683 2013 718 2075 in
739 2013 845 2096 ipsum
867 2013 967 2077 oculis
990 2033 1027 2076 ac
1048 2014 1157 2076 mente

187 2100 332 2162 conuersi
367 2097 451 2160 nihil
484 2097 525 2160 ab
559 2097 626 2161 eius
665 2097 938 2180 contemplatione
972 2095 1156 2175 deflectunt,

186 2180 302 2244 incerti
329 2180 486 2244 mirentur
514 2201 556 2244 an
578 2179 633 2244 dili
658 2183 728 2265 ant3
757 2181 822 2245 nisi
843 2180 927 2265 quod
953 2201 1085 2244 necesse
1108 2184 1160 2244 est

187 2268 357 2348 utrumque
377 2264 535 2347 permixte
557 2264 617 2328 sim
673 2265 752 2328 fieri.
792 2287 869 2329 nam
891 2270 924 2330 et
946 2285 1036 2329 amor
1056 2265 1157 2328 facto-

148 2362 258 2413 rrrum
280 2347 519 2414 commendator
541 2352 606 2433 est,
634 2349 719 2414 unde
740 2350 886 2414 nascitur
907 2349 1092 2432 admiratio,
1125 2351 1159 2411 et

187 2434 272 2497 facta
300 2454 372 2497 cum
399 2433 480 2496 mira
507 2436 584 2498 aunt
611 2455 750 2498 amorem
777 2434 917 2499 inuicem
945 2434 1066 2497 creant.
1111 2433 1162 2496 ita

187 2517 406 2599 spectantibus
427 2517 547 2599 liberis,
570 2518 722 2601 quicquid
743 2520 784 2583 ab
807 2538 845 2582 eo
865 2517 1080 2602 pulcherrime
1102 2537 1159 2601 ge-

186 2601 279 2682 ritur,
303 2621 376 2664 eum
397 2603 528 2698 propter
549 2601 655 2684 ipsum
676 2603 781 2686 magis
802 2602 938 2686 placuit,
960 2605 1030 2666 tum
1052 2601 1161 2664 studio
1269 2661 1270 2682 p

187 2683 378 2750 imitationis
400 2685 557 2751 rnolescit.
594 2686 659 2750 iarn
682 2686 741 2751 tibi
764 2686 892 2770 quidem
913 2687 950 2750 in
972 2685 1156 2768 erudiendo,
1269 2683 1270 2708 ¹

148 2784 174 2828 ao
187 2769 359 2853 imperator
388 2768 520 2853 optime,
555 2791 622 2835 non
650 2772 758 2835 omnia
785 2772 1047 2854 proponebantur
1077 2790 1161 2853 quae

257 2959 270 3006 1
289 2960 345 3006 iam
362 2961 469 3022 patrem
485 2958 509 3004 A
526 2958 616 3007 Bert:
634 2974 681 3008 om.
698 2959 828 3006 ΝΠ
851 2955 861 3022 ΙΙ
888 2960 904 3008 2
923 2954 1058 3020 declarat]
1079 2957 1159 3008 dade·
1268 2995 1269 3000 ,

188 3027 231 3072 rat
249 3022 361 3088 cipeto
379 3027 514 3074 uictorem
532 3025 668 3074 iacturum
691 3023 701 3089 ΙΙ
725 3028 741 3076 3
759 3040 832 3074 nunc
851 3041 911 3090 epo:
929 3041 975 3075 om.
993 3026 1022 3073 Π
1045 3022 1056 3090 ss
1080 3026 1096 3073 6
1114 3039 1159 3073 ru-

187 3092 228 3154 pit
247 3105 275 3155 ςι
294 3092 396 3157 rumpit
413 3094 441 3139 Η
458 3090 611 3157 {principes
627 3091 651 3140 A
667 3090 677 3156 ll
694 3095 709 3143 7
727 3091 836 3143 infusus
854 3091 912 3157 th
928 3095 944 3143 8
962 3093 1018 3143 iam
1037 3090 1112 3156 quod
1128 3092 1159 3140 in

188 3155 245 3205 illis
262 3159 286 3205 A
303 3159 374 3222 quod
392 3158 497 3209 inillis
516 3161 570 3208 iam
589 3162 607 3208 0
636 3157 646 3223 Ι]
678 3161 710 3209 10
728 3161 820 3224 quiin
837 3162 885 3209 W:
905 3160 970 3224 quin
988 3161 1012 3207 A
1027 3160 1048 3206 B
1066 3161 1085 3206 (t
1103 3159 1125 3206 V
1150 3155 1161 3222 ll
1267 3175 1268 3180 ¹

189 3223 220 3272 12
238 3224 401 3286 primoribus
420 3228 451 3274 σε
469 3227 643 3291 primioribus
655 3227 683 3273 Η
695 3224 705 3290 ΙΙ
719 3228 750 3277 13
769 3224 879 3292 quibus]
900 3241 1014 3290 quarum
1026 3228 1056 3278 A.
1076 3228 1159 3276 malim

189 3304 204 3339 e
225 3290 323 3354 quibus
341 3294 475 3344 uirtutum
494 3295 647 3344 futurarum
665 3293 710 3344 eff.
729 3309 801 3358 poss.
820 3294 948 3345 concludi
971 3292 981 3359 ΙΙ
1011 3296 1043 3343 14
1062 3297 1160 3358 posset

188 3359 315 3418 1,0orr.
334 3361 467 3410 Acidaliae
495 3359 506 3425 n
535 3363 568 3411 17
587 3365 720 3426 generata
738 3363 771 3410 W
792 3361 796 3425 Ι
820 3364 902 3412 malim
918 3377 974 3412 non
993 3361 1126 3425 segnibus
1150 3356 1161 3425 ΙΙ

189 3425 222 3474 19
245 3419 318 3473 simil
335 3431 377 3474 est
394 3441 454 3488 epo.-
483 3428 587 3479 similes
604 3431 632 3476 Η
654 3428 745 3478 indole
768 3429 873 3479 similes
891 3431 950 3482 edd.
979 3426 990 3496 Ι
1020 3430 1053 3478 29
1076 3429 1159 3479 malim
1266 3447 1267 3450 ¹

188 3490 387 3546 inrudimento
411 3489 421 3556 ΙΙ
444 3496 478 3544 30
494 3496 645 3558 proponeb.
663 3508 700 3544 w:
719 3497 866 3562 preponeb.
884 3499 911 3546 Π
