2586 3996
337 181 548 233 Turonosro
566 166 739 232 aueusro
758 182 791 230 n.
813 183 919 232 12-14.
1049 178 1111 244 283

144 330 252 394 adulta
281 330 475 395 consuetudo
500 330 651 394 lasciuiae
679 329 915 415 hautquaquam
942 330 1048 394 facile·
1065 331 1112 393 ui·

144 414 272 478 deretur
299 415 558 498 obtemperatura
590 414 782 498 medicinae,
814 436 856 479 ne
885 415 955 498 quis
983 435 1017 478 se
1044 415 1113 498 pati

144 499 295 565 iniuriam
312 502 449 583 putaret,
474 521 493 562 a
514 502 547 562 te
569 498 701 562 uoluisti
724 500 867 582 incipere
890 519 1058 564 censuram
1080 502 1113 562 et

143 583 305 666 impendia
324 583 467 670 palatina
488 583 663 647 minuendo
685 604 745 647 nee
768 584 870 648 solum
892 583 1111 647 abundantem

143 667 313 732 recidendo
336 670 513 751 sumptum,
536 667 592 731 sed
614 668 669 731 uix
690 669 907 732 necessarium
929 666 1137 750 usurpandos

144 751 333 835 dimensum,
357 752 443 835 quod
463 757 579 816 natura
601 751 825 816 difficillimum
849 755 907 834 est,
936 750 1112 816 emendasti

143 836 299 900 uolentes.
340 857 382 899 an
404 837 475 919 quis
496 836 596 900 ferret
616 837 750 900 moleste
772 836 812 900 ad
833 836 990 920 principis
1012 838 1113 900 semet

143 919 273 984 modum
295 919 481 984 coherceri?
526 925 580 984 aut
602 921 798 985 subtractum
822 920 883 984 sibi
906 921 1028 984 doleret
1049 921 1112 1003 pri·

143 1007 219 1067 uata
245 1005 384 1087 luxuria,
418 1026 489 1070 cum
518 1005 642 1069 uideret
669 1005 895 1088 imperatorem
923 1027 1031 1069 rerum
1056 1025 1112 1088 po·

143 1090 275 1173 tentem,
298 1093 454 1152 terrarum
474 1089 702 1172 hominumque
723 1089 898 1173 dominum,
920 1111 1015 1173 parce
1038 1109 1112 1153 oon·
1126 1109 1152 1148 ro

143 1177 294 1256 tantaque
316 1175 494 1252 uiuentem,
517 1174 642 1238 modico
666 1176 698 1237 et
721 1175 878 1237 castrensi
901 1173 972 1238 cibo
993 1173 1114 1237 ieiunia

143 1257 243 1340 longa
276 1259 449 1342 solantem3
488 1258 528 1321 ad
554 1257 616 1321 hoo
651 1259 755 1320 aulam
789 1278 917 1320 omnem
946 1255 1113 1340 Spartanis

143 1342 322 1425 gymnasiis
353 1343 528 1422 duriorem,
561 1341 680 1404 lab'oris
709 1340 885 1423 patientiae
916 1340 1113 1425 frugalitatis

145 1425 298 1508 exemplis
322 1425 558 1507 abundantem3
591 1425 753 1488 neminem
775 1446 875 1489 unum
897 1425 1036 1488 inueniri
1058 1425 1113 1508 qui

145 1510 277 1572 auderet
303 1508 342 1572 ad
364 1531 483 1592 penum
505 1510 627 1593 regiam
648 1508 795 1592 flagitare
821 1512 1018 1574 remotorum
1040 1509 1112 1572 lito·
1126 1528 1151 1568 15

143 1615 215 1658 rum
230 1594 361 1676 piscem,
381 1593 545 1678 peregrini
560 1594 642 1657 aeris
656 1593 828 1676 uolucrem,
851 1594 947 1657 alieni
961 1594 1113 1676 temporis

144 1676 279 1743 florem?

208 1762 296 1826 XIV.
341 1761 427 1826 Nam
450 1761 580 1826 delicati
601 1763 650 1826 illi
673 1783 710 1826 ac
731 1761 882 1845 fluentes,
908 1761 1017 1846 quales
1039 1761 1114 1826 tulit

145 1867 239 1930 saepe
267 1868 318 1910 res
345 1847 487 1931 publica,
522 1869 635 1930 parum
669 1868 702 1910 se
730 1847 836 1911 lautos
865 1848 1025 1930 putabant
1050 1847 1113 1909 nisi

143 1929 270 1994 luxuria
291 1931 440 1995 uertisset
458 1953 592 2014 annum,
614 1931 678 1994 nisi
701 1930 853 1997 hibernae
875 1931 1000 2014 poculis
1022 1951 1112 1994 rosae
1126 1951 1151 1991 ao

145 2016 356 2097 innatassent,
380 2015 445 2080 nisi
468 2017 622 2081 aestiuam
644 2015 680 2078 in
697 2017 832 2101 gemmis
854 2015 1025 2098 capacibus
1044 2015 1113 2098 gla-

146 2100 225 2164 ciem
242 2101 380 2164 Falerna
401 2101 585 2185 fregissent.
614 2100 730 2166 horum
749 2101 844 2186 gulae
866 2102 1023 2186 angustus
1046 2103 1115 2162 erat

145 2187 253 2246 noster
282 2185 377 2248 orbis.
421 2206 557 2268 namque
585 2187 747 2269 appositas
772 2186 869 2268 dapes
896 2206 962 2249 non
989 2205 1112 2267 sapore,

146 2267 200 2330 sed
222 2270 352 2349 sumptu
374 2269 580 2332 aestimantes
602 2269 666 2332 illis
685 2268 812 2333 demum
836 2269 916 2334 cibis
937 2271 1115 2352 acquiesce-

145 2352 228 2415 bant
249 2372 327 2434 quos
350 2355 509 2416 extremus
532 2352 638 2416 oriens
666 2358 721 2416 aut
742 2353 865 2437 positus
888 2356 978 2416 extra
999 2353 1113 2415 Roma·
1127 2370 1152 2410 ar

145 2457 224 2500 num
239 2434 377 2514 Colchus
399 2437 569 2519 imperium
591 2439 647 2499 aut
666 2437 793 2500 famosa
813 2435 991 2520 naufragiis
1013 2436 1115 2500 maria

146 2521 325 2602 misissent,
359 2541 438 2604 quos
467 2522 590 2585 inuitae
618 2521 850 2605 quodammodo
879 2521 1114 2604 reluctantique

146 2607 279 2669 naturae
317 2605 483 2670 hominum
521 2605 642 2689 pericla
680 2608 872 2689 rapuissent.
921 2608 958 2670 ut
991 2609 1116 2668 taceam

145 2689 261 2753 infami
289 2711 382 2774 saepe
411 2690 530 2753 dilectu
557 2691 693 2772 scriptos
720 2692 756 2753 in
782 2689 958 2773 prouinciis
986 2689 1114 2771 aucipes

148 2771 320 2855 ductasque
348 2773 407 2836 sub
436 2773 537 2856 signis
564 2775 755 2836 aenatorum
785 2773 933 2838 cohortes
961 2771 1114 2835 militasse
1128 2789 1156 2830 ao

215 3031 231 3078 3
254 3032 280 3078 et
304 3030 353 3076 del.
373 3039 398 3074 w
427 3024 437 3090 ll
467 3028 483 3077 5
505 3026 652 3078 recidendo
672 3028 813 3079 Gronovius
831 3029 883 3077 obs.
903 3027 937 3076 II
958 3043 980 3077 r.
1002 3029 1048 3076 22:
1076 3042 1115 3077 re-

146 3095 251 3146 iciendo
268 3097 296 3144 1
320 3093 329 3161 ΙΙ
354 3097 369 3145 7
387 3093 509 3144 nolentes
527 3097 561 3143 W
584 3093 594 3161 ss
623 3097 640 3145 8
659 3095 712 3147 dol.
733 3095 766 3145 de
785 3095 897 3161 priuata
915 3097 974 3144 edd.
992 3094 1047 3143 dol.
1066 3095 1114 3144 sti·

146 3161 275 3228 pendium
292 3164 404 3227 priuata
421 3162 498 3226 Gusp.
534 3162 544 3228 ΙΙ
579 3165 611 3213 12
634 3163 784 3222 solantem
802 3165 836 3212 W
857 3177 937 3226 morp.
961 3157 991 3211 al
1008 3161 1116 3211 soluen-

147 3237 203 3280 tem
234 3229 244 3294 ΙΙ
274 3233 305 3280 13
329 3231 463 3295 ginnasiis
481 3230 513 3276 W
542 3228 552 3296 ll
583 3232 615 3281 18
639 3231 732 3294 quales
749 3232 897 3281 Liuineius:
924 3234 951 3278 et
974 3229 1068 3294 quales
1088 3231 1116 3277 lt

149 3294 161 3363 Η
193 3298 224 3346 21
247 3298 355 3347 aestiua
377 3324 410 3334 -
433 3298 523 3362 glaeie
544 3299 604 3348 edd.
634 3295 644 3360 ll
673 3301 705 3348 ‘22
729 3304 862 3361 augustus
884 3298 908 3346 Δ
937 3295 947 3362 ΙΙ
977 3299 1010 3347 24
1031 3299 1116 3347 aesti-

146 3370 255 3415 mantes
278 3366 300 3414 Δ
322 3365 412 3415 Bere:
442 3381 488 3415 om.
512 3366 608 3414 ΒΗ
625 3367 659 3413 W
682 3365 866 3416 metiebantur
888 3378 913 3413 w
945 3364 955 3430 11
989 3366 1022 3415 28
1044 3365 1116 3429 peri-

147 3432 210 3482 cula
227 3433 248 3480 B
266 3435 284 3481 0
301 3433 323 3480 V
340 3434 374 3481 W
406 3429 416 3497 ΙΙ
450 3435 483 3482 29
506 3433 615 3484 delectu
632 3435 655 3481 Δ
688 3437 692 3498 Ι
724 3448 843 3499 ancupes
862 3447 887 3481 w
921 3433 931 3499 ll
965 3436 998 3485 30
1015 3432 1117 3482 dictas-

148 3515 199 3564 que
216 3502 249 3548 W
