2572 3990
211 199 254 263 20
533 202 556 252 1.
591 200 622 253 O.
640 199 758 251 PLINII
776 200 857 251 PAN.

212 371 273 433 que
294 349 457 414 tramitem
480 348 628 414 relictum
647 348 718 430 tibi,
741 348 878 413 alacrem
893 349 969 413 hinc
992 352 1087 432 atque
1104 349 1179 414 inde

212 433 382 516 populum,
411 433 529 516 ubique
549 456 608 518 par
630 433 782 516 gaudium
803 454 975 517 paremque
998 433 1178 498 clamorem.

211 523 279 580 tam
307 517 449 601 aequalis
482 517 522 581 ab
550 519 698 582 omnibus
732 539 770 581 ex
797 517 937 581 aduentu
970 521 1026 582 tuo
1055 518 1180 583 laetitia
1281 551 1282 574 2

212 604 365 686 percepta
397 605 446 666 est
476 623 571 685 quam
604 602 753 665 omnibus
786 602 922 666 uenisti:
958 623 1038 686 quae
1069 606 1181 666 temen

187 689 282 770 sipsa
311 707 383 750 cum
409 687 558 770 ingressu
578 688 634 749 tuo
661 686 763 750 creuit
789 706 827 750 ao
848 707 948 771 prope
974 687 1010 750 in
1034 687 1180 770 singulos

213 771 332 856 gradus
354 770 491 833 adaucta
514 772 573 833 est.

276 853 399 918 XXIII.
434 854 567 918 Gratum
583 857 654 918 erat
670 854 792 917 cunctis
809 855 892 939 quod
908 857 1056 918 senatum
1071 855 1179 918 osculo
1281 877 1282 884 ¹

213 938 391 1022 exciperes,
421 941 457 1003 ut
479 938 628 1002 dimissus
656 937 766 1002 osculo
787 938 912 1016 fueras,
942 941 1069 1024 gratum
1095 939 1181 1024 quod

214 1023 369 1106 equestris
381 1023 503 1087 ordinis
511 1022 625 1087 decora
634 1021 754 1087 honore
766 1023 931 1086 nominum
943 1025 1012 1087 sine
1020 1025 1181 1088 monitore
1282 1090 1283 1102 χ

175 1129 200 1169 10
213 1107 374 1255 sipntagteis,
404 1109 532 1254 gregum
544 1107 644 1254 fquop·
659 1110 785 1254 tapppim
813 1127 877 1254 utin
899 1107 983 1254 uggro
1009 1107 1181 1256 clientitbpus

213 1211 323 1340 11111111
345 1212 440 1359 11111111
441 1213 577 1340 Β1111111111
579 1214 622 1340 pp
635 1213 770 1359 {illicides
783 1212 1183 1360 11011111111111111111118

213 1359 294 1423 tium
321 1359 416 1424 turba
444 1362 606 1443 peteretur
631 1360 811 1441 incederes,
839 1359 923 1444 quod
945 1363 1182 1424 occursantium
1280 1421 1281 1432 ,

214 1444 351 1527 populus
373 1446 406 1508 te
428 1464 568 1528 quoque,
597 1448 630 1508 te
652 1448 750 1509 immo
771 1447 909 1509 maxime
931 1447 1068 1523 artaret,
1094 1444 1179 1528 quod

177 1547 202 1587 n
215 1534 318 1612 primo
342 1528 451 1591 statim
474 1528 524 1592 die
546 1528 632 1592 latus
654 1533 744 1593 tuum
767 1530 910 1593 crederes
933 1529 1091 1594 omnibus.
1126 1551 1182 1592 ne·

213 1633 275 1696 que
297 1613 383 1676 enim
406 1613 545 1696 stipatus
568 1613 743 1678 satellitum
765 1635 872 1692 manu,
896 1614 951 1678 sed
971 1613 1182 1677 circumfusus
1282 1613 1283 1636 ³

213 1697 352 1781 undique
379 1719 467 1761 nnnc
495 1702 626 1762 senatus
655 1720 744 1762 nunc
766 1699 921 1781 equestris
949 1697 1069 1760 ordinis
1090 1697 1182 1779 flore,

213 1784 309 1864 prout
336 1781 524 1846 alterutrum
552 1783 753 1866 frequentiae
780 1804 881 1866 genus
903 1782 1107 1864 inualuisset,
1142 1783 1183 1846 si-

213 1865 317 1930 lentes
344 1867 530 1950 quietosque
559 1867 687 1931 lictores
715 1870 788 1930 tuos
816 1866 1068 1949 subsequebare:
1106 1887 1184 1928 nam

151 1970 201 2010 -ao
215 1951 332 2014 milites
358 1949 442 2014 nihil
470 1949 603 2034 aplebe
625 1949 739 2014 habitu
765 1950 999 2034 tranquillitate
1026 1949 1184 2014 modestia
1282 1985 1283 1988 =

214 2025 415 2098 differebant.
449 2034 504 2098 ubi
526 2055 602 2098 uero
626 2034 761 2117 coepisti
784 2034 978 2118 Capitolium
1001 2034 1183 2116 ascendere,

214 2140 310 2201 quam
324 2118 411 2182 laeta
427 2118 574 2182 omnibus
590 2118 768 2202 adoptionis
783 2122 858 2183 tuae
873 2118 1065 2183 recordatio!
1087 2139 1184 2200 quam
1283 2123 1284 2134 ¹

214 2202 374 2284 peculiare
402 2202 555 2287 gaudium
582 2224 692 2267 eorum
721 2203 775 2286 qui
802 2208 835 2267 te
857 2203 1089 2287 primieodem
1112 2202 1183 2266 loco
1283 2207 1284 2234 l

215 2287 436 2368 salutauerant
462 2287 703 2370 imperatorem!
741 2288 819 2371 quin
844 2287 940 2351 etiam
963 2287 1057 2350 deum
1078 2286 1185 2368 ipsum

176 2377 337 2454 reponem
358 2375 448 2436 tuum
471 2373 676 2455 praeeipuam
697 2372 894 2455 uoluptatem
915 2371 1020 2455 operis
1042 2371 1092 2434 sui
1114 2391 1184 2453 per-

216 2457 338 2539 cepisse
366 2456 565 2520 crediderim.
610 2461 707 2540 utqne
735 2457 810 2520 dein
840 2457 941 2521 isdem
970 2455 1116 2539 uestigiis
1138 2455 1185 2518 in·
1283 2509 1284 2522 ,

216 2540 328 2604 stitisti
350 2540 465 2623 quibus
487 2561 604 2624 parens
625 2546 700 2604 tuus
720 2541 836 2625 iugens
858 2539 938 2605 illud
962 2539 1092 2603 deorum
1115 2560 1185 2622 pro-

215 2623 338 2688 laturus
354 2645 516 2707 arcanum,
540 2646 620 2707 quae
639 2625 916 2690 circumstantium
930 2623 1067 2708 gaudia!
1090 2645 1185 2706 quem

215 2728 328 2772 recens
356 2709 489 2772 clamor!
527 2730 622 2791 quam
645 2709 759 2773 similis
786 2709 835 2772 illi
857 2710 923 2772 dies
946 2708 1001 2790 qui
1023 2707 1109 2770 hunc
1131 2727 1185 2791 ge-

286 2917 299 2963 1
318 2914 384 2964 hinc
403 2918 485 2978 atque
504 2913 567 2963 inde
586 2929 632 2967 om.
650 2911 722 2980 3118
740 2919 771 2963 ut
789 2911 854 2964 dim.
874 2927 929 2963 oso.
948 2911 1044 2964 fueras
1062 2928 1109 2962 om.
1129 2911 1188 2959 BV

215 2979 225 3046 ll
244 2985 275 3032 10
294 2987 400 3031 tanturn
418 2997 472 3031 non
485 2983 603 3044 Lipsius:
622 2986 730 3030 tantum
742 2981 770 3028 1
787 2985 894 3029 tantum
913 2984 970 3027 turn
988 2994 1044 3028 non
1057 2981 1188 3028 Liuineius

219 3047 222 3112 l
243 3047 401 3114 clientibus]
422 3049 581 3098 dicentibus
600 3050 617 3097 0
633 3046 643 3113 ΙΙ
662 3050 693 3097 12
713 3063 765 3112 quo
784 3049 887 3096 tumW
903 3043 913 3110 ΙΙ
932 3048 964 3095 13
983 3047 1188 3096 occursantium

217 3115 249 3162 W
294 3118 326 3164 14
344 3120 371 3164 te
390 3131 445 3164 nno
464 3131 534 3164 mex.
553 3116 575 3163 V
611 3121 717 3164 artaret
735 3114 862 3163 Betrius:
886 3117 992 3163 astaret
1009 3114 1037 3161 11
1054 3110 1064 3176 ΙΙ
1083 3115 1114 3163 15
1133 3116 1188 3162 sta-

217 3182 266 3230 tim
297 3197 404 3246 quoque
423 3178 464 3247 011
478 3185 509 3232 19
527 3197 589 3232 nam
624 3184 680 3231 iam
692 3182 726 3231 N.
741 3181 864 3230 Heinsr’us
876 3179 887 3246 fl
899 3183 932 3228 22
951 3181 1077 3230 omnibus
1096 3197 1143 3230 om.
1158 3180 1190 3227 W

217 3245 226 3312 Η
244 3251 276 3298 23
295 3249 391 3298 eodem
408 3249 469 3299 loco
487 3266 534 3302 om.
553 3245 649 3314 01124
667 3248 862 3298 salutauerant
880 3263 897 3312 ς
915 3248 1062 3297 Liuineius:
1086 3247 1188 3296 saluta·

217 3319 310 3364 ueriut
328 3317 382 3364 BV
401 3315 592 3367 salutauerunt
611 3313 741 3379 0111115
759 3318 866 3378 patrem
883 3316 943 3365 odd.
962 3313 1125 3365 Beroaldus:
1144 3331 1190 3365 orn.

217 3382 245 3429 11
264 3383 342 3430 deum
361 3384 449 3446 ipsum
468 3388 525 3433 tum
538 3382 670 3433 Liuineius
688 3380 698 3446 ΙΙ
716 3383 749 3431 26
767 3386 852 3444 utque
871 3383 934 3432 dein
952 3384 1062 3445 scripsi:
1083 3387 1114 3431 ut
1132 3383 1191 3445 qui-

218 3450 279 3498 dem
291 3449 319 3496 11
333 3451 337 3512 Ι
354 3450 490 3500 institutis
507 3453 528 3500 B
541 3451 563 3498 V
579 3447 589 3513 ΙΙ
607 3453 639 3500 29
658 3451 757 3513 gennit
773 3452 883 3513 scripsi:
902 3449 997 3513 genuit
1016 3450 1089 3498 diem
1104 3453 1133 3498 11
1150 3449 1193 3499 illi

218 3512 275 3566 diei
294 3519 340 3580 qui
356 3517 383 3567 h.
402 3533 428 3582 g.
448 3517 507 3567 dies
528 3519 657 3566 Liuineius
674 3514 717 3564 illi
736 3515 783 3578 qui
801 3515 828 3570 h.
846 3533 872 3581 g.
891 3517 951 3565 dies
965 3515 1098 3580 Hauptins
1115 3521 1132 3568 l.
1150 3521 1166 3566 1.
