2572 3990
194 218 233 268 v1
572 213 790 267 Panaenum.
856 277 859 282 ¹

241 369 300 431 IX.
324 369 391 429 cod.
414 367 732 429 vindobonensis
765 370 805 428 48
836 368 961 428 membr.
992 363 1053 448 (u)
1091 388 1164 447 pan.

322 452 468 513 II—XII
489 453 626 513 Isidorus
648 451 782 530 Hilborg
804 453 943 515 contulit.

256 539 299 598 X.
324 538 391 598 cod.
407 537 710 597 Malatestianus
725 538 803 616 plut.
821 537 870 611 27,
888 538 906 595 5
921 557 953 615 p.
968 537 1026 599 sin.
1040 536 1165 598 membr.

322 623 468 702 temporis
491 621 641 700 angustiis
658 620 798 681 Gesonae
821 621 1048 682 circumuentus
1065 640 1165 700 pauca
1279 659 1280 684 ÷

323 715 443 767 tantum
465 724 538 784 pan.
558 705 639 765 VIII
662 706 764 783 capita
787 704 927 765 conferre
949 706 1044 784 potui.

242 791 302 851 XI.
326 791 395 850 cod.
416 788 585 850 Venetus
607 789 831 849 Marcianus
853 790 931 862 436,
961 790 1033 850 olim
1055 790 1164 850 Bessa·

323 875 435 945 rionis,
458 873 582 933 membr.
609 870 671 950 (s).
709 875 776 952 ipse
799 874 925 933 contuli.

221 958 299 1018 XII.
323 959 390 1019 cod.
405 957 652 1036 Upsaliensis
675 977 733 1016 scr.
755 957 809 1020 lat.
829 959 866 1018 18
891 958 986 1019 chart.
1007 953 1069 1038 (A).
1099 958 1165 1036 ipse

324 1042 451 1102 contuli.

193 1135 358 1207 praeterea
394 1125 482 1185 affuit
515 1124 591 1184 mihi
625 1124 783 1204 exemplar
816 1125 960 1186 editionis
992 1126 1164 1200 Nouianae,

195 1212 279 1291 quod
301 1211 374 1269 olim
397 1208 434 1270 ab
452 1208 569 1270 Ottone
584 1208 607 1269 J
609 1209 702 1268 ahnio
722 1229 898 1289 possessum
922 1207 976 1289 [cf.
993 1212 1083 1271 catal.
1100 1212 1165 1270 cius

194 1293 263 1355 libr.
287 1295 304 1354 1
325 1316 355 1374 p.
381 1290 456 1372 184]
479 1311 561 1352 nunc
583 1294 617 1352 in
638 1292 827 1356 bibliotheca
849 1294 1059 1356 uniuersitatis
1082 1295 1164 1355 Bon·

194 1381 300 1440 nensis
329 1387 513 1439 asseruatur.
556 1378 589 1437 in
617 1397 653 1437 eo
676 1377 749 1439 Fra.
772 1379 922 1440 Pithoeus
943 1379 1015 1440 libri
1037 1379 1165 1439 alicuius

196 1462 369 1524 Oolbertini
390 1463 540 1523 lectiones
563 1461 737 1523 adnotauit.

257 1547 325 1608 Iam
347 1567 408 1628 quo
432 1547 672 1607 necessitudinis
693 1547 818 1608 uinculo
833 1547 904 1608 libri
926 1567 1020 1627 supra
1042 1567 1165 1608 enume-

193 1634 253 1692 rati
279 1633 362 1692 inter
388 1649 423 1692 se
444 1639 612 1692 teneantur
639 1632 892 1692 demonstraturis
922 1632 1011 1693 nobis
1039 1634 1072 1692 in
1098 1633 1165 1712 ipso

193 1715 286 1777 huius
324 1713 542 1796 disputationis
577 1717 684 1776 limine
720 1717 901 1778 remouendi
936 1725 1009 1778 sunt
1045 1716 1166 1777 codices

193 1801 395 1861 Durlacensis
417 1800 642 1861 Riocardianus
665 1799 834 1861 Vaticanus
858 1803 939 1861 3461
963 1797 1022 1880 (ς),
1050 1802 1166 1880 quippe

195 1885 249 1965 qui
262 1885 506 1965 interpolatione
528 1885 591 1944 sint
611 1886 766 1964 inquinati
781 1883 967 1945 foedissima.
995 1885 1078 1964 quod
1098 1906 1167 1945 cum

194 1989 258 2029 non
282 1968 566 2031 animaduerterent
587 1969 648 2028 uiri
671 1968 768 2042 doctI,
797 1963 907 2030 mirum
929 1977 1004 2049 quot
1028 1969 1060 2029 in
1085 1989 1166 2030 erro·

193 2073 242 2114 res
270 2054 304 2113 ln
331 2053 497 2114 uerborum
526 2061 673 2112 contextu
699 2055 915 2114 constituendo
946 2055 1067 2133 delapsi
1093 2055 1166 2114 sint.

194 2140 282 2198 mitto
305 2137 493 2198 Arntcenios
522 2145 553 2198 et
574 2136 764 2216 Jacgerum:
800 2138 880 2198 illud
902 2159 965 2199 non
987 2139 1092 2199 mirari
1114 2157 1166 2198 ne·

196 2242 286 2301 queo,
310 2223 363 2283 uel
383 2222 524 2282 Keilium
547 2241 583 2282 eo
605 2241 703 2301 usque
726 2222 911 2301 processisse
932 2232 968 2283 ut
982 2223 1167 2283 Uaticanum

195 2308 278 2366 3461
301 2313 458 2387 tamquam
486 2307 611 2366 criticae
633 2306 824 2369 factitandae
852 2307 1090 2368 fundamentum
1111 2328 1166 2386 po·

195 2400 299 2464 neret,
339 2411 407 2451 cum
436 2400 539 2450 tamen
572 2391 822 2469 interpolationis
855 2392 944 2470 signa
972 2392 1167 2471 apsntissima

195 2475 249 2535 ille
272 2495 346 2555 prae
369 2495 402 2536 se
426 2475 513 2535 ferat.
543 2475 611 2554 quis
635 2478 725 2549 enim,
750 2493 818 2536 cum
841 2495 888 2536 ex.
912 2495 955 2554 gr.
977 2475 1166 2555 pan.VII9

194 2558 292 2619 uerba
314 2560 348 2619 in
369 2559 457 2619 libris
480 2559 609 2638 integris
631 2561 746 2620 leniter
770 2569 914 2640 corrupta
942 2561 1014 2620 ‘iam
1036 2579 1076 2620 ne
1098 2579 1166 2639 pro·

196 2645 246 2704 cul
261 2644 387 2723 quidem
401 2640 545 2704 Rhenum
567 2643 687 2706 audetis
706 2645 860 2706 attollere'
883 2645 966 2705 bunc
987 2644 1021 2704 in
1042 2645 1167 2704 modum

195 2728 360 2789 ridiculum
387 2729 420 2787 in
444 2735 624 2798 scomecta
651 2729 768 2790 ‘oculos
797 2730 918 2790 audetis
941 2729 1095 2789 attollere'
1123 2730 1166 2788 ui-

196 2811 269 2873 deat
291 2822 345 2873 aut
359 2831 432 2894 pan.
447 2811 480 2872 Χ
495 2811 536 2872 23
558 2813 655 2874 uerba
669 2813 784 2875 tradita
804 2813 903 2874 ‘iuxta
920 2813 1166 2892 magnitudinem

195 2897 383 2958 exanclandi
406 2896 520 2976 operis’
542 2897 600 2957 hac
615 2915 714 2977 praua
736 2898 912 2959 coniectura
933 2898 999 2967 ins
1018 2905 1167 2975 temptata

195 3001 263 3042 esse
296 2991 330 3041 ut
363 3002 418 3062 pro
448 2982 659 3043 ‘exanclandi’
693 2982 891 3044 substitutum
924 2983 965 3042 sit
993 2981 1165 3054 ‘audendi'‚

195 3066 280 3144 quis,
304 3066 447 3145 inquam,
476 3068 530 3147 qui
551 3066 628 3127 hacc
649 3066 770 3140 uideat,
799 3087 864 3127 non
886 3066 989 3126 statim
1011 3065 1050 3124 de
1072 3067 1166 3124 inter·

195 3151 336 3230 polatore
357 3151 433 3211 mihi
456 3149 628 3211 concedat?
651 3159 682 3210 et
701 3152 778 3212 haec
793 3150 918 3229 quidem
941 3150 1001 3209 duo
1025 3148 1167 3227 exempla
1199 3212 1202 3217 ,

196 3231 426 3295 oxinnumeris
448 3253 590 3316 promere
618 3236 739 3295 sufficit.
783 3233 827 3294 ita
854 3241 958 3294 autem
982 3233 1016 3291 in
1041 3232 1166 3292 uniuer-

196 3337 263 3378 sum
290 3318 429 3380 codicum
455 3319 656 3380 Durlacensis
684 3317 882 3378 Riccardiani
903 3317 1050 3377 Vaticani
1083 3317 1165 3376 3461

195 3403 345 3465 lectiones
373 3405 580 3484 interpolatas
614 3405 813 3463 consentiunt
844 3411 879 3460 ut
907 3400 945 3461 ab
974 3421 1038 3460 una
1069 3403 1167 3481 stirpe

196 3507 259 3548 non
274 3491 456 3569 prouenisse
479 3494 646 3567 nequeant.
675 3486 759 3545 felici
781 3493 883 3546 autam
905 3503 977 3546 casu
999 3485 1074 3545 mihi
1094 3505 1166 3546 con-
