2572 3990
419 203 580 255 ruarmo
599 205 634 258 n.
655 207 764 254 ao-ra.
1036 205 1075 268 19

109 355 222 434 mator,
247 353 312 415 iam
334 355 366 416 te
388 351 504 416 mereri
526 351 681 415 fatereris.
714 352 828 435 itaque
851 354 911 417 soli
934 356 1075 419 omnium

109 437 247 520 contigit
260 436 320 500 tibi
343 438 379 499 ut
398 439 491 519 pater
509 437 631 532 patriae
654 457 739 500 esses
762 440 836 501 ante
857 460 950 521 quam
971 439 1072 503 fieres.

108 542 177 584 eras
199 521 285 584 enim
307 521 341 584 in
360 521 486 601 animis,
512 542 547 583 m
562 519 687 584 iudiciis
702 521 830 600 nostris,
854 544 913 586 nec
928 522 1073 606 publicae

106 605 238 688 pietatis
266 605 421 669 intererat
448 604 524 688 quid
551 625 717 688 uocarere‚
751 605 815 669 nisi
837 607 922 689 quod
943 608 1074 692 ingrata

107 689 169 753 sibi
191 689 376 772 uidebatur,
408 690 435 753 si
457 697 490 752 te
511 691 739 773 imperatorem
761 690 867 776 potius
888 695 1021 756 uocaret
1042 694 1099 755 ets

106 773 291 857 Caesarem,
327 795 399 838 cum
427 777 552 857 patrem
585 775 791 857 experiretur.
836 775 919 858 quod
947 776 1074 858 quidem

105 879 227 926 nomen
248 880 310 941 qua
331 858 542 943 benignitate,
565 880 627 942 qua
649 858 850 943 indulgentia
872 862 1015 925 exerces!
1038 865 1075 924 ut

105 964 177 1007 cum
201 942 324 1007 ciuibus
347 943 410 1006 tuis
432 943 523 1025 quasi
549 963 620 1006 cum
642 943 751 1007 liberis
773 965 889 1027 parens
912 944 1009 1010 uiuis!
1038 949 1074 1008 ut
1110 932 1153 1046 t(

103 1048 252 1092 reuersus
279 1028 471 1111 imperator,
502 1027 557 1110 qui
578 1028 722 1111 priuatus
745 1029 881 1112 exieras,
914 1030 1072 1113 agnoscis,
1151 1043 1155 1050 “

104 1113 308 1197 agnosceris!
333 1112 460 1176 cosdem
475 1133 544 1190 nos,
569 1112 704 1176 eundem
723 1115 755 1176 te
774 1116 880 1196 putas,
898 1135 957 1196 par
972 1115 1073 1179 omni·
1087 1137 1112 1176 ro

104 1197 164 1260 bus
187 1200 221 1260 et
241 1196 303 1260 hoc
323 1199 450 1260 tantum
474 1197 587 1259 ceteris
609 1197 712 1261 maior
733 1197 817 1280 quod
839 1198 960 1276 melior.

160 1280 266 1346 XXII.
286 1280 627 1364 Acprimumquidem‚
644 1283 699 1364 qui
710 1281 777 1346 dies
788 1281 843 1344 ille
855 1304 917 1365 quo
927 1287 1072 1366 expecta·

103 1369 155 1430 tus
171 1365 431 1448 desideratusque
448 1365 561 1428 urbem
575 1368 664 1428 tuam
679 1366 843 1450 ingressus
859 1369 907 1430 es!
930 1368 996 1430 iam
1010 1369 1071 1432 hoc

102 1452 225 1533 ipsum,
248 1451 406 1532 quomodo
429 1449 592 1534 ingressus
616 1471 664 1532 es,
687 1473 782 1534 quam
803 1452 921 1514 mirum
938 1452 1071 1515 laetum-

104 1537 179 1618 que!
207 1555 284 1597 nam
305 1535 428 1617 priores
450 1533 560 1597 inuehi
583 1536 615 1597 et
636 1535 805 1618 importari
828 1535 984 1618 solebant,
1005 1557 1071 1599 non
1084 1557 1109 1596 15

104 1619 173 1682 dico
189 1618 378 1703 quadriiugo
399 1641 493 1682 curru
509 1621 541 1681 et
556 1618 738 1683 albentibus
760 1621 859 1702 equis,
884 1619 938 1683 sed
953 1621 1071 1684 umeris

102 1703 286 1786 hominum,
316 1703 398 1786 quod
424 1703 625 1786 arrogantius
654 1706 733 1766 erat.
777 1706 814 1767 tu
836 1703 902 1765 sola
930 1705 1071 1786 corporis

102 1788 297 1871 proceritate
318 1788 430 1851 elatior
451 1786 522 1850 aliis
544 1789 576 1850 et
596 1786 752 1850 excelsior
772 1786 893 1850 nonde
914 1789 1071 1870 patientia

102 1876 213 1936 nostra
241 1871 401 1956 quendam
428 1870 641 1954 triumphum,
673 1872 728 1936 sed
751 1871 790 1935 de
815 1872 963 1954 superbia
984 1872 1070 1954 prin-

103 1957 210 2040 cipum
233 1956 338 2040 egisti.
370 1978 447 2039 ergo
468 1977 535 2019 non
558 1959 645 2020 actas
668 1977 875 2040 quemquam,
896 1978 964 2021 non
986 1956 1070 2021 uale-
1085 1980 1129 2019 ro.

102 2042 190 2123 tudo‚
215 2059 282 2104 non
298 2062 389 2105 sexus
404 2040 582 2104 retardauit
603 2042 789 2123 quominus
810 2042 919 2105 oculos
941 2042 1071 2106 insolito

103 2124 286 2209 spectaculo
313 2125 471 2208 impleret.
516 2128 548 2189 te
575 2126 702 2208 paruuli
731 2147 879 2208 noscere,
909 2128 1070 2191 ostentare

101 2211 249 2291 iuuenes,
282 2209 392 2273 mirari
419 2230 525 2293 senes3
564 2211 653 2293 aegri
681 2231 805 2294 quoque
832 2210 980 2295 neglecto
1007 2233 1070 2274 me-

103 2294 247 2359 dentium
262 2293 396 2377 imperio
419 2293 457 2356 ad
474 2296 681 2375 conspectum
696 2295 743 2358 tui
753 2295 857 2379 quasi
880 2295 1071 2360 adsalutem

103 2380 336 2459 sanitatemque
359 2399 537 2460 prorepere.
567 2377 642 2441 inde
665 2378 719 2441 alii
742 2400 776 2442 se
798 2378 875 2443 satis
898 2379 1015 2443 uixisse
1038 2383 1070 2444 te
1083 2399 1109 2439 25

102 2464 187 2545 uiso,
222 2467 256 2526 te
284 2465 429 2545 recepto,
465 2461 520 2524 alii
547 2483 634 2526 nunc
668 2463 772 2546 magis
800 2485 869 2528 esse
897 2464 1070 2530 uiuendum

101 2547 341 2630 praedicabant.
386 2546 523 2610 feminas
546 2545 642 2609 ctiam
663 2550 742 2611 tunc
763 2547 971 2613 fecunditatis
993 2570 1070 2612 suae

102 2632 243 2696 maxima
265 2631 415 2714 uoluptas
438 2631 552 2712 subiit,
577 2653 648 2695 cum
670 2636 837 2696 cernerent
859 2633 911 2696 cui
931 2634 1070 2716 principi

103 2715 198 2799 ciues,
222 2715 273 2779 cui
294 2716 481 2798 imperatori
503 2715 621 2779 milites
642 2717 852 2798 peperissent.
875 2717 998 2781 uideres
1021 2738 1069 2781 re-

102 2799 186 2863 ferta
207 2803 294 2864 tecta
316 2822 352 2863 ac
376 2799 559 2864 laborantia
587 2822 623 2863 ac
645 2822 687 2864 ne
710 2823 782 2864 eum
804 2801 931 2884 quidem
954 2823 1068 2865 uacan-
1081 2821 1107 2860 ao

101 2888 167 2948 tem
199 2884 305 2948 locum
338 2884 392 2967 qui
428 2905 495 2948 non
531 2883 595 2946 nisi
631 2905 819 2966 suspensum
855 2887 887 2948 et
919 2885 1068 2949 instabile

101 2969 274 3052 uestigium
298 2972 435 3052 caperet,
461 2967 606 3051 oppletas
628 2968 768 3050 undique
790 2969 860 3032 uias
883 2972 1068 3053 angustum-

101 3140 304 3149 ——..—.——---

167 3260 183 3307 4
202 3271 336 3307 uocarere
355 3256 399 3306 W:
418 3273 520 3308 uocare
538 3258 623 3307 ΒΗ
641 3254 654 3321 ll
673 3260 701 3307 ll
713 3259 793 3322 quod
812 3259 957 3309 Liuineius:
976 3277 1028 3325 quo
1040 3263 1068 3310 Η

101 3322 108 3390 {l
127 3327 157 3374 12
177 3324 289 3388 quidem
309 3326 355 3388 qui
369 3325 542 3375 Sctwcrzius:
561 3322 626 3390 quid
640 3327 673 3374 W
691 3326 755 3390 quid
767 3328 818 3375 Bc
837 3327 883 3390 qui
895 3329 918 3376 V
934 3325 944 3392 ΙΙ
963 3330 993 3378 13
1011 3332 1067 3378 iam

100 3393 124 3445 b.
143 3393 161 3443 i.
185 3409 210 3457 q.
229 3393 372 3456 ingressus
391 3407 420 3442 es
443 3409 490 3447 om.
508 3395 525 3440 G
546 3392 556 3458 Η
578 3397 610 3444 14
633 3394 765 3458 quomodo
786 3396 893 3458 scripsi:
921 3396 992 3460 quod
1009 3396 1037 3443 Π
1058 3393 1067 3460 ll

101 3462 132 3510 15
149 3474 215 3510 nam
234 3474 262 3525 g:
282 3473 345 3508 num
363 3461 391 3506 Μ
407 3457 418 3524 ΙΙ
434 3463 467 3511 20
486 3477 541 3511 non
556 3465 630 3524 prius
648 3461 693 3512 W:
713 3477 788 3512 noua
807 3463 824 3510 0
842 3463 919 3512 nulla
936 3464 991 3512 BV
1007 3462 1017 3527 ΙΙ
1034 3464 1066 3512 25

100 3529 249 3578 sanitatem
266 3526 287 3575 B
306 3524 365 3593 {127
384 3533 448 3577 tuae
466 3527 496 3590 B,
514 3536 540 3579 ct
556 3530 578 3577 V
596 3546 631 3581 eac
648 3545 697 3580 sue
716 3545 784 3583 corr.
797 3527 853 3595 1132
871 3535 1017 3596 angustum
1035 3530 1064 3579 Β.

827 3612 862 3665 2*
