2582 3992
200 209 242 275 90
456 211 493 262 ΙΙ.
528 209 582 261 CL.
602 209 811 262 MAMERTINI
830 209 910 261 Pru.

201 365 321 427 ctorem
341 363 382 440 et,
406 381 506 444 parua
521 363 599 424 tune
614 359 689 424 licet
704 360 802 444 regia,
825 380 950 424 summa
970 362 1080 424 tamen
1094 360 1173 424 reli-

200 447 297 532 gione
312 449 494 530 susceptum
509 445 636 510 futurae
650 444 827 509 maiestatis
842 443 966 510 dedisse
980 443 1170 528 primordia,

200 534 236 596 ut
251 551 320 596 esse
334 532 443 614 posset
463 529 575 594 domus
592 527 766 595 Caesarum
787 549 868 612 quae
883 527 1032 594 Herculis
1053 529 1172 596 fuisset

199 614 384 700 hospitium.
414 614 482 678 iure
504 614 605 700 igitur
626 612 687 678 hoc
709 613 759 678 die
782 633 844 698 quo
866 612 1055 679 immortalis
1078 617 1171 680 crtus

171 699 349 765 edominae
363 699 518 786 ¹gentium
539 698 681 763 ciuitatis
707 701 814 763 uestra
840 698 962 782 pietate
990 698 1172 764 celebratur

199 785 260 850 tibi
282 785 494 869 potissimum,
523 783 698 867 imperator
723 783 855 867 inuicte,
883 782 993 848 laudes
1022 784 1170 848 canimus

200 872 233 934 et
253 869 376 955 gratias
398 869 533 954 agimus,
557 888 653 952 quem
674 867 849 933 similitudo
869 868 940 952 ipsa
960 869 1071 953 stirpis
1093 869 1179 934 tuae

199 975 237 1018 ac
265 953 315 1017 uis
342 953 442 1018 tacita
469 956 602 1017 naturae
632 953 672 1017 ad
693 951 915 1018 honorandum
938 952 1080 1017 natalem
1102 952 1171 1018 Ro·

199 1060 271 1102 mae
298 1037 383 1102 diem
410 1041 479 1103 tam
505 1037 670 1103 liberalem
697 1037 777 1102 facit
801 1041 838 1102 ut
864 1038 976 1102 urbem
1003 1037 1093 1102 illam
1121 1037 1169 1104 sio

161 1141 187 1181 ro
200 1123 286 1188 colas
309 1121 482 1206 conditam,
506 1125 596 1206 quasi
618 1123 688 1206 ipse
710 1122 899 1187 condideris.
935 1143 1047 1186 reuera
1069 1122 1168 1206 enim,

200 1207 414 1272 sacratissime
437 1208 636 1291 imperator,
668 1207 782 1272 merito
839 1207 923 1271 uiuis
954 1209 986 1272 te
1014 1211 1169 1291 tuumque

198 1291 476 1357 fratremRomani
488 1292 615 1376 imperii
629 1291 747 1356 dixerit
762 1229 958 1357 nuntiares:
975 1292 1051 1356 estis
1068 1294 1167 1374 cuim,

199 1377 283 1461 quod
304 1380 353 1442 est
373 1377 564 1461 proximum,
586 1378 786 1442 restitutores
809 1380 853 1455 et,
883 1377 927 1440 sit
947 1375 1024 1441 licet
1046 1377 1098 1442 hic
1120 1377 1170 1441 illi

199 1461 271 1527 urbi
293 1461 411 1526 natalis
433 1463 510 1544 dies,
535 1463 619 1546 quod
646 1461 787 1546 pertinet
808 1460 848 1524 ad
870 1461 1027 1547 originem
1055 1462 1170 1546 populi

161 1562 186 1604 1⁵
200 1545 347 1695 Rpmani,
371 1547 470 1611 uestri
492 1547 618 1631 imperii
641 1546 737 1630 primi
758 1546 824 1610 dies
844 1549 921 1611 sunt
941 1546 1104 1630 principes
1127 1545 1169 1611 ad

200 1635 347 1696 sautem.

255 1715 297 1780 II.
320 1715 425 1792 Quare
451 1716 479 1780 si
506 1737 593 1780 nunc
615 1714 736 1780 Romae
753 1710 875 1780 'omnes
903 1715 1112 1800 magistratus
1136 1718 1169 1780 et

198 1801 366 1885 pontifices
389 1804 421 1866 et
443 1799 621 1866 sacerdotes
649 1800 738 1864 iuxta
766 1804 916 1885 parentes
937 1799 1026 1864 urbis
1048 1802 1081 1864 et
1103 1802 1168 1864 sta·

198 1889 285 1950 tores
306 1885 380 1952 deos
402 1884 550 1950 Herculis
573 1884 694 1968 templa
715 1888 918 1967 uenerantur,
943 1884 1018 1969 quie
1062 1887 1168 1964 artam

157 1988 185 2028 ao
199 1970 370 2055 aliquando
403 1991 442 2034 ex
475 1969 610 2034 uictoria
643 1970 794 2052 praedam
829 1992 848 2034 a
881 1969 1010 2034 flumine
1078 1967 1168 2034 ibero

199 2058 231 2120 et
253 2055 380 2120 conscio
402 2053 527 2119 occidui
555 2053 632 2117 solis
655 2073 774 2118 oceano
797 2053 837 2118 ad
859 2052 977 2138 pabula
1000 2051 1169 2138 Tyrrhena

200 2138 390 2223 compulerit
412 2140 445 2203 et
466 2138 500 2201 in
522 2135 670 2202 Palatino
692 2139 767 2224 iugo
789 2147 926 2204 uenture
948 2137 1008 2202 tibi
1030 2137 1169 2222 relique-

198 2223 242 2286 rit
255 2223 408 2308 uestigia:
430 2225 552 2307 quanto
568 2221 700 2287 tandem
714 2223 827 2288 studio
848 2245 908 2288 nos
923 2221 976 2287 hic
1001 2223 1167 2304 conuenit,

198 2307 307 2391 quite
328 2310 530 2392 praesentem
551 2308 714 2372 intuemur
734 2307 827 2374 deum
847 2310 916 2372 toto
938 2306 1066 2391 quidem
1089 2308 1168 2371 orbe

157 2408 186 2449 2⁵
198 2391 363 2476 uictorem,
387 2394 442 2457 sed
456 2414 543 2457 nunc
559 2413 632 2458 curn
644 2393 782 2456 maxime
802 2393 838 2456 in
859 2393 971 2457 eadem
991 2390 1167 2468 occidentis

197 2477 293 2562 plaga
325 2499 391 2542 non
423 2480 587 2562 pastorem
622 2477 709 2542 trino
745 2477 849 2561 capite
885 2476 1076 2561 deformem,
1111 2476 1167 2542 sed

197 2561 379 2647 prodigium
390 2561 490 2627 multe
500 2562 633 2627 taetrius
642 2562 887 2646 opprimentem,
925 2559 1054 2644 uicquid
1072 2561 1166 2648 spiri·

197 2647 249 2712 tus
271 2651 303 2710 et
323 2647 410 2711 uocis
433 2647 617 2730 habeamus,
640 2666 734 2712 omne
749 2644 782 2709 id
803 2646 839 2710 in
858 2582 1006 2711 laubibus
1019 2645 1084 2710 tuis
1099 2667 1167 2710 non

198 2750 353 2814 occupare
374 2731 478 2810 mode,
502 2732 566 2814 sed,
590 2731 618 2796 si
640 2751 691 2795 res
713 2733 837 2817 poscat,
860 2727 1051 2796 absumere?
1081 2729 1167 2794 unde

158 2815 298 2901 erigitur
319 2815 448 2880 ordiar?
475 2815 729 2881 commemorabo
758 2815 909 2880 nimirum
938 2813 1061 2898 patriae
1089 2818 1166 2878 tuae

197 2899 232 2964 in
247 2901 478 2985 rempublicam
493 2899 629 2966 merita?
652 2901 723 2984 quis
739 2901 824 2964 enim
846 2899 970 2964 dubitat
1011 2899 1070 2962 uin
1084 2899 1166 2964 mul·

197 2983 327 3050 tisiam
350 2985 501 3066 saeculis,
532 3007 571 3050 cx
598 3007 661 3068 quo
691 2986 776 3049 uires
803 2984 889 3048 illius
919 2982 959 3048 ad
1031 3004 1167 3048 manum

197 3089 316 3133 nomen
331 3071 534 3151 accesserint,
557 3069 654 3134 Italia
673 3068 802 3152 quidem
816 3069 859 3132 sit
874 3067 1021 3152 gentium
1037 3067 1167 3133 domina

196 3151 319 3238 gloriae
342 3156 510 3236 uetustate,
534 3153 589 3218 sed
603 3152 772 3216 Pannonia
792 3152 931 3216 uirtute?
956 3173 997 3215 en
1020 3152 1166 3217 diuinam

197 3275 401 3287 -——---.-

268 3345 280 3392 1
300 3343 366 3394 licet
383 3349 450 3394 tunc
469 3345 485 3391 (1
509 3341 519 3407 1
543 3344 559 3392 8
579 3340 665 3390 tacite
683 3340 716 3388 W
739 3339 748 3404 ΙΙ
779 3343 810 3390 14
828 3342 949 3405 pertinet
968 3339 1056 3390 Bert:
1081 3341 1166 3406 perti·

198 3415 266 3460 neat
282 3411 411 3460 Bcvw
428 3412 567 3476 pertinent
583 3408 618 3467 Δ;
644 3405 767 3458 Gruterus
784 3408 871 3458 induci
886 3409 973 3458 inoluit
999 3403 1009 3472 11
1036 3409 1068 3457 21
1088 3407 1168 3472 thyr-

197 3480 299 3528 renaA
313 3479 345 3527 W
363 3478 474 3528 thirena
490 3476 511 3526 B
526 3475 707 3539 vryrrenac
736 3472 745 3538 ΙΙ
776 3477 808 3526 28
826 3475 957 3526 habemus
980 3476 1039 3529 edd.
1061 3471 1065 3539 1
1086 3489 1167 3526 omne

197 3545 226 3595 id
244 3549 275 3598 tu
293 3547 322 3596 in
341 3546 373 3594 W
396 3543 406 3609 ΙΙ
430 3545 463 3595 30
480 3541 750 3592 commemoratore
779 3539 789 3606 1
819 3544 851 3593 32
871 3541 905 3592 ad
924 3558 969 3593 om.
989 3544 1022 3590 W
