2582 3992
216 202 279 265 142
541 203 573 255 V.
602 201 753 254 ruonarr
771 199 850 251 Pau.

135 405 138 412 .
214 351 340 416 Palatio
367 349 511 415 residens
533 349 667 434 gerendi
695 349 762 420 eius
784 349 975 414 mandasset⁴
994 351 1184 436 auspicium,

214 436 315 500 ueluti
333 435 450 521 longae
471 437 565 500 nauis
586 432 811 519 gubernaculis
833 433 1067 518 praesidentem
1083 436 1184 500 totius

214 520 437 586 uelificationis
461 522 494 583 et
514 540 624 584 cursus
639 519 774 603 gloriam
796 519 949 583 meruisse
963 521 1102 584 testatus
1125 523 1181 585 est.

215 609 250 668 at
273 605 357 669 enim
380 608 416 668 tu
423 654 434 686 ,
457 603 573 669 Caesar
594 603 731 686 inuicte,
756 601 859 668 omnis
881 603 973 667 istius
996 605 1030 667 et
1049 605 1185 688 nauiga-

188 689 314 753 ationis
337 693 369 753 et
383 688 461 753 belli
482 709 548 752 non
563 688 658 754 modo
680 709 739 772 pro
753 687 879 771 imperii
900 688 969 752 iure
982 694 1182 772 praeceptor,

215 773 271 838 sed
291 775 386 838 rebus
409 773 420 837 i
443 773 487 837 ais
510 776 543 838 et
564 773 710 857 exemplo
734 772 933 837 constantiae
947 775 1021 838 tuae
1037 772 1185 837 hortator

215 867 311 940 atque
333 795 487 941 impulsor
505 856 605 923 fuisti.
634 857 724 941 prior
745 856 900 940 siquidem
923 855 1184 922 aGesoriacensi

214 943 307 1005 litore
344 943 489 1025 quamuis
521 941 680 1006 feruidum
717 941 862 1006 inuectus
895 961 1052 1006 oceanum
1086 941 1185 1008 etiam

213 1025 262 1088 illi
289 1025 441 1089 exercitui
466 1028 540 1108 tuo,
575 1047 668 1106 quem
695 1025 844 1109 Sequana
871 1026 975 1089 amnis
1003 1026 1184 1108 inuexerat,

175 1109 457 1176 roirreuocabilem
495 1110 634 1175 iniecisti
670 1110 788 1174 mentis
827 1109 988 1191 ardorem,
1031 1111 1112 1176 adeo
1148 1117 1185 1175 ut

215 1193 440 1259 cunctantibus
463 1193 567 1260 adhuc
590 1193 747 1282 ducibus,¹
762 1194 849 1258 caelo
872 1198 904 1258 et
925 1195 1007 1258 mari
1029 1195 1182 1278 turbidis,

214 1279 298 1344 ultro
321 1279 450 1363 signum
472 1279 689 1364 nauigationis
712 1280 914 1362 exposceret,
945 1280 1102 1363 quaedam
1125 1281 1183 1344 mi-
1275 1355 1276 1362 ἵ

212 1365 306 1428 naoia
337 1363 557 1428 indubitanter
589 1365 684 1449 signa
717 1366 950 1448 contemneret,
988 1363 1038 1428 die
1069 1365 1182 1448 pluuio
1275 1371 1276 1378 ³

213 1449 286 1512 uela
302 1448 432 1531 faceret,
456 1451 599 1531 uentum,
623 1448 697 1532 quia
713 1447 857 1513 derectus
879 1468 948 1512 non
970 1451 1048 1530 erat,
1073 1453 1182 1533 capta-

175 1556 200 1596 15
213 1535 263 1597 ret
283 1532 456 1617 obliquum.
522 1534 571 1596 uis
599 1533 685 1597 enim
713 1553 747 1596 se
770 1531 946 1615 quamlibet
967 1533 1077 1616 iniquo
1099 1534 1183 1597 mari

213 1638 281 1682 non
303 1617 434 1681 auderet
455 1554 582 1681 credere
602 1619 635 1680 te
657 1617 857 1700 nauigante?
898 1617 1054 1701 omnium,
1077 1621 1115 1680 ut
1137 1617 1182 1681 di-

214 1703 307 1784 citur,
337 1704 468 1786 accepto
495 1702 610 1766 nuntio
638 1701 856 1786 nauigationis
878 1703 954 1766 tuae
975 1723 1040 1765 una
1062 1723 1128 1766 uox
1151 1705 1183 1766 et

212 1785 353 1851 hortatio
375 1786 454 1852 fuit:
478 1786 566 1871 ‘quid
581 1785 786 1850 dubitamus?
807 1785 883 1870 quid
904 1785 1089 1850 moramur?
1112 1787 1182 1870 ipse

212 1871 276 1934 iam
305 1870 416 1954 soluit,
446 1871 510 1934 iam
532 1870 733 1954 prouehitur,
762 1869 828 1934 iam
855 1869 994 1935 fortasse
1021 1871 1179 1954 peruenit.

173 1975 199 2016 ao
214 1955 414 2053 experiamur
441 1955 564 2037 omnia,
592 1977 651 2038 per
678 1975 890 2040 quoscumque
914 1955 1029 2020 fluctus
1058 1975 1179 2020 eamus.

212 2040 288 2125 qu1d
307 2043 356 2103 est
374 2039 458 2122 quod
473 2038 586 2102 timere
601 2038 780 2122 possimus?
805 2037 973 2104 Caesarem
995 2039 1180 2124 sequimur.'

275 2122 346 2187 XV.
396 2121 465 2188 Nec
492 2122 608 2186 fefellit
635 2123 744 2207 opinio
772 2126 899 2188 uestrae
926 2124 1110 2208 felicitatis,
1141 2125 1182 2189 si·

212 2206 348 2289 quidem,
372 2208 408 2269 ut
430 2227 469 2270 ex
490 2206 632 2290 ipsorum
653 2207 808 2272 relatione
832 2209 1054 2292 comperimuS,
1082 2209 1125 2273 ad
1146 2209 1184 2274 id

211 2295 338 2374 tempus
360 2290 465 2375 ipsum
479 2294 588 2356 tantae
611 2313 645 2356 se
660 2291 754 2358 dorso
769 2293 867 2357 maris
889 2293 1026 2358 nebulae
1047 2295 1181 2358 miscue-

173 2394 198 2435 25
211 2379 288 2439 runt
319 2377 356 2438 ut
389 2375 520 2440 inimica
554 2377 664 2442 classis
697 2379 775 2461 aput
804 2377 940 2442 Uectam
972 2378 1113 2442 insulam
1146 2378 1181 2442 in

212 2459 349 2543 speculis
371 2463 468 2544 atque
488 2461 614 2526 insidiis
636 2461 791 2526 collocata
805 2460 1028 2547 ignorantibus
1047 2461 1182 2532 omnino

211 2543 356 2608 hostibus
381 2546 609 2628 praeteriretur
640 2567 700 2610 nec
727 2545 779 2611 uel
804 2550 984 2611 moraretur
1011 2547 1180 2630 impetum,

211 2628 355 2775 quamuis
378 2649 444 2693 non
465 2633 574 2713 posset
596 2630 760 2694 obsistere.
800 2630 866 2694 iam
888 2651 964 2696 uero
987 2631 1072 2715 quod
1093 2631 1183 2695 idem

211 2712 273 2776 ile
287 2715 393 2777 uestro
416 2714 558 2797 auspicio
584 2715 723 2778 inuictus
751 2716 920 2794 exercitus,
950 2717 1059 2780 statim
1082 2718 1183 2799 atqua

210 2796 399 2862 Britanniae
425 2799 503 2863 litus
533 2799 711 2881 inuaserat,
747 2797 907 2863 uniuersis
940 2799 1078 2864 nauibus
1114 2801 1182 2863 suis

278 3057 294 3105 7
311 3055 387 3118 prior
403 3070 449 3104 aa,
462 3056 481 3102 0
495 3049 500 3118 Ι
515 3070 532 3103 a
550 3053 743 3106 Gesoriacensi
758 3054 903 3106 Liuineius:
923 3070 940 3104 a
958 3054 1183 3119 gesorigiacenai

209 3120 285 3172 Bert.
306 3123 397 3186 magis
415 3117 585 3186 origiuoens'i
601 3122 628 3168 H
652 3123 712 3186 agis
734 3121 901 3186 origiacensi
919 3135 943 3170 w
972 3119 983 3187 ΙΙ
1012 3124 1028 3172 9
1051 3137 1132 3186 quem
1150 3123 1183 3171 in

210 3187 366 3252 Sequanam
384 3185 428 3252 w!
445 3187 571 3254 Sequana
590 3189 677 3238 amnis
695 3188 826 3252 Hauptiuc
844 3190 934 3243 Hem.
951 3189 1002 3239 IV
1011 3206 1040 3254 p.
1053 3191 1118 3238 151:
1137 3204 1182 3239 ae-

211 3269 328 3318 quanam
344 3255 401 3306 nisi
411 3258 439 3305 Ι
450 3255 525 3307 Bert.
537 3254 548 3322 ΙΙ
566 3258 597 3305 12
617 3257 793 3321 exposceret
810 3254 820 3322 ΙΙ
838 3258 869 3307 13
887 3255 1077 3307 indubitanter
1094 3257 1181 3322 signa

209 3324 317 3386 compsi:
339 3323 488 3375 uidebatur
512 3325 594 3390 signa
614 3324 642 3370 ΙΙ
663 3321 759 3386 (signa
782 3323 929 3375 uidebatur
950 3321 980 3384 0)
1003 3324 1083 3390 cigna
1106 3339 1180 3388 quae

210 3389 376 3441 uidebantur
387 3393 446 3442 edd.
461 3390 467 3452 Ι
483 3395 677 3454 contempnere
686 3391 720 3439 W
731 3387 742 3456 ΙΙ
756 3393 787 3442 14
797 3392 902 3443 dereot.
912 3391 947 3441 A:
956 3391 1053 3442 direct.
1064 3392 1108 3439 Bc
1116 3391 1181 3439 ΠΙ

211 3454 224 3522 Η
245 3459 276 3508 17
294 3459 391 3508 nuntio
409 3474 456 3509 cm.
468 3458 491 3505 Α
503 3456 513 3523 ΙΙ
527 3459 558 3508 18
576 3457 696 3508 faeritd
708 3455 718 3523 l
731 3461 763 3510 23
780 3459 808 3510 id
827 3461 932 3512 addidi:
951 3475 997 3512 cm.
1010 3461 1037 3507 u
1049 3455 1060 3524 ss
1072 3459 1104 3509 27
1125 3473 1180 3510 nec

208 3525 256 3576 uel
274 3525 497 3591 Eyssenhardlua:
515 3540 550 3575 ne
568 3523 613 3574 uel
632 3525 659 3573 Ι
1122 3553 1126 3558 -
