2582 3992
187 214 248 280 102
483 215 534 268 111.
570 216 624 266 ca.
647 215 857 268 nanaarrnr

183 366 351 452 postulari,
374 368 410 430 ut
432 366 687 449 expectationem
707 364 863 430 sermonis
884 365 951 428 eius
973 385 1067 448 quem
1088 365 1152 430 tuis

183 451 474 534 quinquennalibus
503 471 767 535 praeparaueram
796 447 858 513 hac
886 449 1008 533 gemini
1034 450 1152 514 natalis

182 535 422 619 praedicatione
438 555 641 619 compensem
657 537 689 598 et
704 532 831 599 dicendi
845 554 960 598 munus
976 533 1060 617 quod
1074 537 1152 599 tunc

183 619 253 684 uoti
281 620 491 704 promissione
525 640 727 703 susceperam
746 638 839 693 ‚nunc
867 617 1024 702 religione
1052 617 1153 682 debiti

158 708 429 786 srepraesentem.
474 723 625 768 uoueram
653 705 775 782 autem,
810 702 1024 766 sacratissima
1052 703 1152 786 impe·

183 793 284 866 rator,
313 788 411 874 longe
439 787 524 852 infra
552 809 643 871 spem
663 786 794 852 honoris
823 787 889 850 eius
920 807 1014 868 quem
1042 785 1078 851 in
1101 808 1153 852 me

185 873 364 936 contulistis
389 873 487 955 (unde
510 874 596 936 euim
618 871 671 936 uel
692 874 819 936 tantam
840 870 990 935 fiduciam
1013 873 1076 934 mei
1098 891 1153 956 ge·

182 977 286 1020 rerem
320 955 372 1020 uel
404 960 472 1020 tam
506 956 651 1040 improbe
685 956 944 1039 concupiscerem
975 959 1013 1018 ut
1041 958 1152 1038 optare

182 1039 263 1104 mihi
285 1042 440 1123 quantum
467 1040 584 1104 iudicio
611 1041 719 1104 uestro
747 1061 817 1104 sum
845 1043 1033 1105 consecutus
1060 1039 1153 1103 aude*

146 1124 303 1206 rorem‘l),
326 1145 493 1206 noueram,
517 1125 663 1208 inquam,
686 1125 886 1208 potissimum
909 1128 946 1187 ut
966 1145 1018 1187 me
1040 1124 1073 1188 di
1122 1146 1153 1187 a·

183 1209 270 1273 tione
293 1230 355 1292 qua
377 1208 501 1292 pridem
524 1209 668 1272 audieras
691 1230 798 1272 rursus
820 1208 962 1272 audires:
996 1207 1079 1291 siqui
1102 1229 1153 1274 em

183 1296 262 1377 aput
294 1294 379 1357 tanti
411 1293 627 1377 praesentiam
670 1293 810 1356 numinis
844 1291 904 1357 hoc
936 1292 1040 1376 ipsum
1074 1292 1153 1356 mihi

183 1378 358 1441 maximum
386 1377 511 1442 dicendi
539 1380 714 1462 praemium
742 1377 908 1442 uidebatur
938 1380 975 1440 ut
1002 1376 1151 1440 dicerem.

184 1461 308 1545 gaudeo
330 1461 442 1546 igitur,
466 1462 554 1526 sitas
578 1464 627 1526 est
642 1461 798 1544 confiteri,
821 1461 951 1524 dilatam
974 1481 1043 1525 esse
1063 1460 1152 1526 illam

146 1563 172 1605 15
185 1546 392 1630 cupiditatem
414 1568 529 1612 meam.
563 1547 770 1631 nequeenim
792 1546 945 1609 orationis
966 1547 1033 1609 eins
1056 1565 1152 1628 quam

185 1651 424 1714 composueram
453 1629 536 1696 facio
564 1631 734 1714 iacturam3
772 1629 827 1693 sed
858 1650 928 1693 cam
960 1649 1089 1693 reseruo
1117 1634 1154 1693 ut

183 1713 401 1800 quinquennio
430 1736 539 1780 rursus
562 1719 674 1780 exacto
703 1713 930 1779 decennalibus
951 1713 1016 1776 tuis
1039 1713 1151 1795 dicam,

183 1801 335 1882 quoniam
363 1800 490 1883 quidem
512 1800 619 1864 lustris
648 1800 795 1863 omnibus
817 1799 1039 1882 praedicandis
1070 1819 1153 1862 com-

185 1885 291 1948 munis
314 1885 418 1948 oratio
441 1887 498 1948 est.

145 1985 171 2026 ro
247 1967 289 2032 Π.
340 1967 385 2032 Et
405 1969 564 2052 profectu,
593 1969 620 2032 si
643 1989 710 2032 non
732 1989 844 2032 sensus
866 1989 953 2032 meos
975 1967 1152 2033 dicatorum

183 2052 274 2117 uobis
297 2052 420 2116 dicrum
442 2053 589 2136 proxima
617 2073 760 2136 quaeque
788 2054 955 2118 ueneratio
981 2053 1031 2117 sui
1059 2054 1153 2118 maie·

184 2138 267 2200 state
294 2137 518 2218 praestrinxit,
555 2134 608 2201 hic
638 2137 718 2200 mihi
746 2137 813 2201 dies
844 2138 972 2201 uidetur
1000 2137 1154 2202 illustrior

183 2220 350 2304 magisque
380 2219 586 2284 celebrandus
613 2221 722 2304 quite
744 2221 866 2305 primus
887 2222 1022 2306 protulit
1051 2223 1086 2286 in
1108 2222 1153 2286 lu·

185 2325 263 2368 cem.
308 2304 427 2368 etenim
454 2305 517 2389 ipsi
544 2305 591 2369 illi
619 2305 686 2370 dies
715 2307 828 2390 quibus
858 2307 983 2390 imperii
1011 2306 1154 2391 auspicia

145 2388 366 2473 assumpsistis
404 2388 446 2453 ob
480 2389 542 2454 hoc
579 2390 682 2455 sancti
712 2394 792 2455 'sunt
814 2412 862 2456 ao
895 2392 1038 2476 religiosi
1071 2391 1154 2476 quod

183 2473 264 2538 tales
288 2473 520 2539 declarauerint
534 2475 756 2558 imperatores:
779 2477 919 2540 atcerte
942 2477 1077 2542 uirtutes
1098 2499 1153 2541 eas

184 2557 300 2640 quibus
327 2557 434 2640 ipsum
462 2559 584 2622 ornatis
613 2560 656 2623 im
681 2561 781 2624 erium
809 2560 932 2643 gemini
957 2562 1057 2624 uestri
1079 2579 1152 2645 pro-

185 2661 332 2705 creaucre
343 2642 477 2706 natales.
499 2664 577 2726 quos
591 2581 729 2726 quidem,
742 2645 956 2708 sacratissime
967 2645 1151 2728 imperator,

186 2726 335 2809 quotiens
356 2727 449 2790 annis
463 2727 667 2792 uoluentibus
683 2731 895 2810 reuertuntur,
918 2729 1016 2792 uestri
1032 2731 1153 2813 pariter

146 2829 172 2868 so
186 2831 224 2874 ao
240 2813 420 2885 uestrorum
440 2813 610 2876 numinum
625 2813 803 2877 reuerentia
825 2813 973 2877 colimus:
996 2813 1153 2898 siquidem

185 2916 243 2960 uos
271 2895 318 2960 dis
347 2917 416 2960 esse
444 2897 571 2980 genitos
600 2901 632 2962 et
660 2897 841 2962 nominibus
868 2897 994 2980 quidem
1025 2899 1151 2980 uestris,

253 3135 352 3182 4tuuc
369 3148 416 3183 om.
435 3136 468 3184 W
488 3131 499 3200 ΙΙ
520 3135 536 3184 5
554 3149 683 3185 uoueram
701 3149 729 3200 ς;
748 3150 877 3186 noueram
895 3139 922 3185 Η
942 3137 946 3200 Ι
966 3151 1023 3187 sac.
1042 3138 1070 3185 Π
1090 3135 1100 3202 ΙΙ
1123 3139 1155 3186 10

184 3214 313 3249 noueram
332 3213 360 3266 ςε
384 3216 512 3251 noueram
530 3202 557 3248 u
587 3200 597 3266 ΙΙ
627 3204 659 3252 13
681 3202 784 3251 dicenti
801 3204 830 3251 Ι
847 3203 922 3255 Bert.
953 3201 964 3269 ΙΙ
993 3207 1025 3254 17
1047 3197 1153 3269 rursus]

184 3272 233 3316 tuo
251 3263 296 3330 cll
317 3269 350 3317 22
368 3269 546 3332 praestrinxit
558 3269 705 3319 Liuineius:
724 3271 883 3334 perstrinxit
900 3270 975 3321 Bere.
992 3272 1156 3336 perstringit

184 3335 230 3392 ιι
247 3335 304 3383 uses
323 3351 370 3386 om.
390 3337 423 3383 w
441 3333 451 3400 ιι
468 3337 502 3385 sl
519 3336 573 3400 ipsi
591 3335 632 3384 nn
649 3337 730 3385 sur:
750 3336 792 3387 nn
810 3338 864 3404 ipsi
881 3335 994 3404 scvn
1012 3341 1045 3389 ss
1063 3355 1096 3390 ae
1114 3354 1154 3389 re-

183 3399 277 3466 ligiosi
295 3418 341 3452 om,
356 3403 372 3451 (l
389 3399 399 3467 ss
418 3405 450 3452 26
469 3407 499 3452 at
517 3404 665 3453 Acidaliae:
683 3411 712 3453 et
729 3406 756 3452 u
771 3402 776 3469 Ι
791 3407 908 3457 uirtutes
926 3422 972 3456 eas
989 3405 1083 3457 Bert:
1102 3407 1155 3456 uir-

183 3473 229 3518 tus
248 3483 297 3520 eas
314 3470 444 3520 Auirtus
463 3484 510 3519 eos
528 3470 548 3518 B
566 3470 618 3518 GV
636 3470 754 3520 uirtutes
773 3486 798 3520 w
826 3472 836 3538 ΙΙ
865 3475 897 3524 27
916 3474 1064 3537 geniume
1088 3473 1098 3539 l
1121 3473 1155 3524 28

185 3550 240 3585 sac.
257 3535 284 3583 Ε
308 3533 318 3599 ΙΙ
343 3537 376 3586 29
394 3535 590 3586 nolentibust
615 3533 624 3600 l
649 3540 678 3587 31
699 3538 855 3590 nominibus
874 3555 903 3606 ςε
921 3541 1079 3592 numinibus
1096 3543 1124 3589 n
