2586 3996
288 185 554 249 'consraurruo
573 193 745 249 aueusro
764 198 797 247 11.
816 197 925 247 34-36.
1032 195 1113 258 241„

128 347 264 429 exultat,
287 367 354 410 non
376 345 500 409 abiecta
522 344 672 430 languide
695 346 792 429 iacet,
817 345 872 409 sed
895 346 938 409 sic
961 345 1095 410 assiduis

126 432 229 496 diuini
256 429 411 515 principis
440 430 571 493 monitis
592 433 770 512 temperata
798 435 847 494 est
873 433 924 512 ut,
954 452 1025 495 cum
1055 430 1094 494 ad

127 520 242 580 nutum
270 516 336 579 eius
359 513 508 578 flexibilis
538 519 571 578 et
592 518 703 578 tenera
725 514 872 594 ducatur,
901 516 1095 600 morigeram

128 623 161 664 se
183 621 251 664 non
272 599 387 662 terrori
409 599 476 662 eius
498 599 665 682 praebeat,
689 599 744 663 sed
764 600 969 684 benignitati.
1000 601 1096 682 placi-

127 686 201 748 dam
216 685 334 769 quippe
356 704 462 746 rerum
481 683 621 766 quietem
644 687 676 747 et
690 683 885 766 profundum
908 685 979 747 urbi
996 685 1122 748 otiume

127 773 241 854 gentes
263 769 458 853 perdomitae
484 767 702 832 condiderunt.
747 772 841 833 uacat
862 769 1096 833 remissioribus

129 853 245 918 animis
281 852 514 916 delectamenta
551 853 640 936 pacis
681 852 840 918 adhibere.
892 853 1097 918 celeberrima

129 958 274 1021 quaeque
296 937 383 1000 urbis
406 938 499 1000 nouis
522 938 669 1019 operibus
692 938 888 1022 enitescunt;
923 939 1096 1002 110001100-

129 1022 195 1085 leta
210 1021 304 1085 modo
320 1043 376 1105 per
390 1024 585 1086 uetustatem
600 1021 743 1086 rediuiua
765 1023 851 1086 cultu
867 1023 1095 1106 insigniuntur,

129 1105 184 1170 sed
210 1106 265 1169 illa
292 1105 361 1188 ipsa
387 1127 469 1189 quae
498 1107 634 1170 antehac
661 1107 980 1192 magnificentissima
1005 1111 1095 1190 puta·
1111 1129 1135 1167 10

129 1192 247 1255 bantur
268 1212 355 1254 nunc
377 1191 446 1254 auri
469 1191 538 1254 luce
556 1191 717 1275 fulgentia
738 1191 920 1256 indecoram
941 1193 1097 1255 maiorum

129 1275 356 1358 parsimoniam
379 1275 597 1358 prodiderunt.
643 1276 726 1340 circo
749 1277 812 1359 ipsi
840 1277 977 1340 maximo
1000 1276 1097 1340 subli-

128 1381 196 1423 mes
218 1360 358 1442 porticus
381 1364 413 1423 et
433 1360 602 1424 rutilantes
624 1381 700 1424 auro
723 1361 888 1424 columnae
903 1364 1027 1424 tantum
1050 1359 1097 1424 in·

129 1444 241 1507 usit-ati
270 1447 402 1507 ornatus
429 1444 585 1508 dederunt
613 1445 730 1508 utillo
757 1466 823 1509 non
850 1444 956 1509 minus
985 1445 1097 1528 cupide

132 1528 341 1592 conueniatur
363 1529 424 1592 loci
446 1531 552 1612 gratia
574 1551 667 1612 quam
691 1530 865 1612 spectaculi
887 1530 1061 1612 uoluptate.
1112 1550 1137 1590 15

195 1611 344 1677 XXXVI.
371 1611 549 1676 Tantorum
565 1613 667 1677 ltoma
683 1635 813 1698 compos
829 1615 994 1697 bonorum,
1017 1636 1098 1698 quae

130 1697 257 1780 quidem
281 1700 309 1760 ei
332 1701 409 1762 sunt
432 1719 504 1762 cum
518 1702 587 1762 toto
609 1699 685 1763 orbe
707 1699 900 1779 communia,
924 1698 1098 1762 1101111111-

130 1803 225 1864 super
252 1782 394 1865 ingentis
423 1783 492 1866 spei
519 1783 660 1847 fructum
689 1805 785 1866 quam
809 1783 1008 1866 propositam
1036 1783 1097 1848 sibi

131 1887 170 1928 ex
186 1865 375 1929 Caesaribus
396 1867 604 1931 nobilissimis
619 1867 718 1931 habet
741 1888 912 1951 eorumque
932 1867 1096 1931 fratribus.

130 1971 266 2032 quorum
280 1951 345 2013 iam
360 1951 492 2016 nomina
506 1953 577 2034 ipsa
591 1973 790 2036 ueneremur,
814 1953 874 2016 etsi
894 1956 970 2016 uota
987 1956 1099 2017 nostra
1112 1973 1137 2012 10
1236 1947 1237 1955 '

129 2034 259 2098 interim
286 2036 502 2120 proferuntur.
547 2058 608 2101 nec
634 2035 894 2102 Lacedaemoniis
928 2037 1033 2122 magis
1061 2037 1098 2100 li-

129 2119 231 2182 cuerit
251 2118 312 2183 hoc
334 2121 482 2184 instituto
509 2142 575 2184 rem
597 2123 760 2205 publicam
782 2122 863 2186 tueri
891 2143 996 2205 suam,
1027 2143 1099 2186 cum

129 2223 238 2286 regem
266 2205 329 2267 nisi
356 2226 394 2268 ex
417 2205 516 2287 stirpe
538 2205 686 2270 Herculis
715 2229 781 2270 non
803 2207 968 2270 haberent.
1013 2208 1097 2288 tuos,

130 2285 342 2352 Constantine
357 2289 503 2369 maxime,
526 2292 598 2352 tuos
613 2291 730 2354 liberos
747 2313 783 2354 ac
798 2290 948 2373 deinceps
964 2295 1098 2374 nepotes

130 2373 236 2435 tecum
264 2375 357 2455 optat
389 2375 426 2434 ut
452 2374 545 2436 tanto
579 2394 597 2435 a
624 2373 769 2456 pluribus
797 2377 950 2457 petantur
979 2379 1098 2458 quanto
1111 2393 1138 2434 as

128 2455 251 2518 maiora
277 2459 463 2521 noscuntur.
509 2456 672 2521 declarant
698 2479 771 2522 ecce
792 2459 949 2522 rationem
980 2459 1099 2542 cupidi-

129 2543 293 2623 tatemque
320 2544 469 2605 uotorum
490 2541 577 2606 facta
599 2541 720 2626 Crispi,
752 2542 926 2608 Caesarum
954 2544 1097 2626 maximi,

129 2625 164 2688 in
185 2645 247 2708 quo
270 2626 363 2690 uelox
382 2628 484 2691 uirtus
508 2627 624 2698 aetatis
647 2651 736 2692 mora
757 2651 824 2692 non
847 2628 1009 2692 retardata
1023 2650 1100 2712 pue-

128 2710 205 2773 riles
229 2732 330 2774 annos
346 2711 457 2795 gloriis
473 2711 721 2794 triumphalibus
743 2713 920 2796 occupauit,
945 2713 1033 2775 cuius
1053 2713 1098 2774 ita

130 2795 195 2857 iarn
222 2794 335 2858 uberes
362 2799 489 2858 scatent
510 2796 619 2858 laudes
646 2799 683 2858 ut
703 2797 819 2878 plenae
842 2800 974 2878 possent
995 2795 1097 2858 uideri
1111 2813 1137 2853 ao

129 2877 193 2940 nisi
224 2879 364 2960 coepisse
398 2881 431 2942 et
460 2882 583 2960 partem
617 2880 840 2964 cogitaremus.
886 2879 941 2962 qui
970 2879 1098 2962 quidem

197 3119 212 3165 6
236 3116 327 3181 gentis
349 3116 513 3181 perdomicie
535 3118 585 3182 (ael
604 3115 675 3182 atie)
694 3119 734 3179 n,
762 3134 831 3169 0011.
850 3132 875 3165 w
905 3116 914 3184 Η
945 3120 959 3168 'l
982 3117 1098 3168 celeber·

127 3184 198 3234 rima
216 3199 321 3248 queque
339 3186 362 3233 Δ
380 3187 413 3233 W
430 3185 519 3235 Bere:
547 3185 777 3250 celeberrimaque
796 3187 816 3234 B
836 3189 852 3235 c
873 3186 958 3235 celeb.
979 3201 1059 3250 quam
1078 3188 1099 3234 V
1177 3231 1179 3236 .

130 3249 143 3315 ΙΙ
163 3254 179 3302 8
198 3252 277 3301 nonis
295 3265 332 3300 w:
351 3252 634 3319 1011011101101110
650 3255 674 3302 A
691 3253 713 3301 V
730 3251 740 3319 ΙΙ
761 3256 776 3304 9
796 3254 883 3303 cultui
901 3255 934 3301 W
952 3251 961 3318 ΙΙ
984 3258 1014 3304 10
1033 3258 1097 3304 aute

128 3335 164 3368 ac
180 3319 345 3368 11111111
363 3334 388 3368 w
408 3317 418 3384 ΙΙ
441 3323 472 3370 12
492 3322 564 3372 circo
582 3336 618 3370 w:
639 3321 789 3371 1110110οΜ
809 3319 819 3386 ΙΙ
843 3325 873 3372 17
894 3323 945 3372 coi.
964 3321 1059 3372 haurit
1076 3321 1098 3370 A

129 3384 141 3452 11
162 3389 196 3437 25
215 3393 318 3452 quanto
336 3388 371 3437 ad
382 3389 488 3438 maiora
506 3388 655 3439 nascuntur
673 3391 732 3441 edd.
749 3399 809 3454 post
826 3390 933 3439 maiore
949 3391 1098 3440 inseruerim

128 3471 223 3506 eorum
241 3453 389 3522 1001101011
406 3460 437 3508 31
455 3462 561 3521 partem
574 3457 721 3508 Acidaliae:
739 3463 847 3522 patrem
862 3460 902 3519 Μς
921 3475 955 3508 aa
974 3457 1106 3522 coepisse

128 3528 241 3588 propter
259 3528 376 3575 aetatem
394 3527 473 3590 cog.?
497 3526 551 3576 nisi
569 3526 611 3575 sic
629 3540 703 3592 coep.
723 3529 750 3576 et
768 3531 875 3592 patrem
895 3526 1035 3588 Wittofius

178 3613 266 3654 rasae.
281 3623 335 3656 1111.
807 3626 809 3630 ’
915 3612 946 3659 16
