2582 3992
215 169 275 232 138
539 173 571 222 v,
603 168 753 220 rueaarr
769 167 849 218 ear.

212 322 404 404 cogerentur
432 321 466 383 et
492 339 563 383 cum
592 317 783 402 coniugibus
812 338 851 384 ac
873 317 983 381 liberis
1010 320 1181 401 ceteroque

213 403 360 468 examine
387 401 658 468 necessitudinum
686 423 723 466 ac
751 423 857 466 rerum
884 423 1013 468 suarum
1043 403 1085 466 ad
1112 402 1182 466 loca

213 487 291 552 olim
313 487 439 552 deserta
457 487 633 553 transirent
653 489 706 569 ut,
733 507 814 571 quae
835 486 972 551 fortasse
994 486 1058 570 ipsi
1082 508 1182 570 quon-

213 572 537 720 damddepraedando
564 574 787 654 uastauerant,
818 571 904 636 culta
924 570 1099 636 redderent
1119 593 1182 636 ser-

185 679 287 722 suren
310 679 338 722 o.

275 741 333 806 IX.
378 741 455 816 ouis
477 741 538 805 hoc
560 762 711 825 umquam
732 741 893 823 futurum,
923 740 1052 805 etiamsi
1075 761 1183 804 coram

212 826 367 890 uoluisset
395 825 500 909 affari,
530 824 607 889 deus
629 828 704 890 ante
726 846 784 890 uos
805 825 968 909 principes
988 825 1183 909 persuadere

138 959 142 968 .
212 910 370 994 potuisset
390 911 475 994 quod
496 931 583 974 nunc
605 909 742 974 uidimus
764 910 797 973 et
818 910 980 974 uidemus:
1008 911 1088 974 totis
1111 932 1183 994 por-

212 994 329 1058 ticibus
352 994 519 1058 ciuitatum
533 994 643 1058 sedere
665 995 793 1092 captiua
814 995 944 1080 agmina
958 993 1181 1076 barbarorum,

174 1079 300 1176 epiros
317 1079 463 1176 ‘attonita
483 1078 611 1144 feritate
632 1078 839 1176 trepidantes,
863 1077 1078 1176 despicientes
1103 1101 1183 1142 anus

213 1164 998 1332 001000101100ἓὲᾞῖςίοἓ
1000 1161 1184 1312 udlnililj

212 1334 261 1396 tes
283 1336 377 1415 atque
399 1332 458 1397 hos
480 1354 590 1397 omnes
612 1332 865 1416 prouincialibus
889 1331 1006 1396 uestris
1028 1331 1069 1397 ad
1092 1332 1182 1396 obse*

213 1417 324 1500 quium
351 1416 551 1499 distributor,
585 1417 685 1482 donec
712 1415 753 1480 ad
781 1416 958 1482 destinatos
985 1416 1048 1481 sibi
1076 1417 1182 1480 cultus
1276 1453 1278 1466 =

174 1523 200 1563 ιε
214 1500 422 1566 solitudinum
444 1502 644 1566 ducerentur.
689 1501 842 1565 insultare
864 1499 993 1566 hercule
1017 1502 1183 1565 communi

213 1585 392 1650 Galliarum
414 1586 544 1650 nomine
565 1586 646 1651 libet
667 1591 706 1665 ct,
732 1584 817 1670 quod
835 1605 915 1670 pace
936 1587 1046 1649 uestra
1059 1585 1182 1670 loquar,

212 1670 502 1820 litteriis
522 1671 982 1821 {ibiilispll’iisslidlll
999 1690 1078 1818 tit
1094 1691 1182 1818 ”tl

211 1776 306 1904 dlaltor
328 1841 477 1906 exercitio
492 1840 653 1924 squalidus
675 1840 758 1903 ruris
779 1776 929 1922 operatu}
950 1805 983 1902 ed
995 1776 1183 1922 frequdntot
1278 1829 1279 1896 l

172 1947 199 1987 ao
212 1921 374 1989 nundinas
396 1947 482 1989 meas
496 1945 610 2008 pecore
629 1923 735 1988 uenali
758 1926 791 1988 et
805 1925 908 1988 cultor
921 1923 1076 1988 barbarus
1091 1925 1183 1987 taxat
1278 1953 1279 1964 ¹

213 2030 383 2074 annonam.
428 2009 505 2092 quin
533 2009 631 2072 etiam
658 2008 685 2072 si
714 2007 755 2070 ad
777 2007 929 2073 dilectum
954 2011 1101 2090 uocetur,
1131 2029 1182 2072 ac-

212 2093 313 2157 currit
345 2096 378 2156 et
405 2092 565 2174 obsequiis
592 2093 709 2156 teritur
739 2095 772 2156 et
800 2095 892 2178 tergo
926 2092 1117 2156 cohercetur
1152 2095 1183 2156 et

211 2176 332 2240 seruire
354 2197 388 2240 se
410 2175 543 2240 militiae
565 2175 696 2240 nomine
718 2177 908 2260 gratulatur.
951 2176 1027 2262 quid
1049 2176 1182 2260 faciam,

213 2259 355 2325 Caesar?
399 2261 544 2344 ignosce,
578 2261 606 2325 si
634 2280 757 2346 moror;
794 2262 941 2346 ignosce,
974 2261 1002 2324 si
1023 2282 1183 2358 propero:

173 2364 200 2404 25
213 2344 313 2410 multa
342 2345 427 2410 enim
455 2345 541 2410 illius
567 2345 737 2430 temporis,
769 2367 831 2429 quo
859 2346 1016 2410 transitus
1044 2368 1079 2408 1n
1111 2345 1183 2410 Bri-
1279 2373 1280 2388 ¹

212 2428 358 2496 tanniam
369 2430 552 2515 parabatur,
568 2429 770 2495 admirabilia
784 2429 939 2494 uirtutum
950 2433 1079 2494 tuarum
1092 2429 1184 2494 facta

211 2516 392 2598 praetereo,
417 2514 492 2578 dum
514 2514 631 2579 festino
653 2514 785 2597 cupidus
808 2513 848 2578 ad
870 2515 1068 2600 singularem
1091 2514 1183 2578 illam

212 2598 391 2682 uictoriam,
415 2620 478 2681 qua
500 2599 650 2664 uniuersa
671 2598 867 2682 respublica
888 2599 1018 2663 tandem
1041 2600 1090 2662 est
1112 2599 1184 2661 uin-

213 2682 327 2746 dicata.
373 2683 460 2746 cuius
483 2684 692 2768 magnitudo,
719 2683 838 2750 Caesar
859 2683 995 2767 inuicte,
1023 2682 1185 2760 hactenus

174 2785 200 2827 ao
214 2766 423 2851 explicabitur
450 2770 487 2831 ut
507 2769 595 2851 prius
617 2768 721 2834 dicam
746 2789 841 2853 quarn
863 2767 1079 2832 necessarium
1102 2767 1185 2830 illud

280 2959 295 3006 2
315 2953 454 3022 examine]
474 2957 582 3022 agmine
601 2971 626 3005 w
646 2955 656 3022 ΙΙ
681 2960 695 3008 'i
714 2956 849 3008 uoluisset
867 2970 903 3004 w:
923 2955 1053 3006 uoluistis
1072 2959 1102 3004 et
1120 2956 1149 3003 Ι
1170 2950 1181 3018 ii
1277 2997 1280 3014 ,

213 3025 245 3074 10
263 3025 502 3088 respicientem,
522 3040 591 3074 corr.
610 3025 819 3088 Eyssenhardtus
835 3021 846 3089 ΙΙ
863 3025 893 3074 11
913 3022 1025 3088 nuptias
1044 3024 1061 3070 0
1077 3022 1081 3086 Ι
1098 3037 1184 3086 copu-

211 3089 284 3140 latos
303 3091 525 3156 Eyssenhardtua:
544 3091 692 3156 copulatas
708 3092 736 3139 ΙΙ
759 3090 927 3156 {copulatas
945 3089 1066 3140 uinculis
1084 3090 1106 3138 B
1124 3091 1142 3138 0
1162 3090 1185 3138 V
1217 3086 1222 3096 '

214 3153 226 3220 ΙΙ
251 3158 283 3204 12
300 3172 466 3208 murmurare
484 3155 535 3222 ΑΙ
562 3161 593 3209 13
610 3158 697 3208 hoco
721 3155 732 3222 ΙΙ
757 3159 788 3208 15
805 3157 917 3210 hercule
936 3160 1011 3208 edd:
1029 3156 1139 3207 herculi
1156 3157 1185 3204 Ι

212 3219 341 3286 (herculii
358 3223 400 3288 W)
422 3224 432 3290 ΙΙ
453 3227 485 3275 16
504 3224 573 3274 libet
592 3229 620 3275 et
636 3225 782 3275 Liuineius:
803 3225 873 3276 libet
890 3228 918 3273 Η
938 3222 949 3290 ΙΙ
970 3227 1003 3275 18
1022 3224 1184 3275 Chamauus

211 3290 340 3354 Longius:
354 3291 490 3342 Chamaus
500 3292 643 3341 ewnert.
657 3289 769 3344 chamus
781 3294 802 3341 B
812 3297 829 3342 0
838 3294 861 3340 V
877 3291 887 3357 l
905 3296 937 3343 19
951 3291 1096 3356 squalidus
1108 3292 1184 3341 ruris

210 3358 319 3420 scripsi:
332 3359 422 3422 squali
434 3357 620 3409 rudisHBert.
634 3359 768 3410 exercitia
780 3359 902 3424 squalidi
914 3361 984 3410 ruris
994 3373 1018 3408 w
1031 3357 1041 3424 ΙΙ
1054 3361 1089 3410 20
1101 3363 1185 3410 taxet

212 3437 273 3501 epp:
290 3422 366 3474 laxat
382 3428 411 3473 E
434 3424 444 3490 ΙΙ
467 3427 500 3475 24
519 3424 622 3476 Cacsar
638 3425 729 3476 Bere.-
751 3425 855 3478 Caesar
873 3432 989 3492 auguste
1006 3427 1033 3474 1
1063 3423 1074 3491 ΙΙ
1104 3428 1139 3478 30
1157 3427 1185 3476 si

212 3504 288 3554 prius
306 3504 331 3539 w
