<?xml version="1.0" encoding="UTF-8"?>
<!DOCTYPE html PUBLIC "-//W3C//DTD XHTML 1.0 Transitional//EN"
    "http://www.w3.org/TR/xhtml1/DTD/xhtml1-transitional.dtd">
<html xmlns="http://www.w3.org/1999/xhtml" xml:lang="en" lang="en">
 <head>
  <title>
</title>
<meta http-equiv="Content-Type" content="text/html;charset=utf-8" />
  <meta name='ocr-system' content='tesseract 3.04.00' />
  <meta name='ocr-capabilities' content='ocr_page ocr_carea ocr_par ocr_line ocrx_word'/>
</head>
<body>
  <div class='ocr_page' id='page_1' title='image "./xiipanegyricila02baehgoog_0311.png"; bbox 0 0 2586 3996; ppageno 0'>
   <div class='ocr_carea' id='block_1_1' title="bbox 336 205 1105 269">
    <p class='ocr_par' dir='ltr' id='par_1_1' title="bbox 336 205 1105 269">
     <span class='ocr_line' id='line_1_1' title="bbox 336 205 1105 269; baseline 0.014 -11"><span class='ocrx_word' id='word_1_1' title='bbox 336 208 549 259; x_wconf 74' lang='lat' dir='ltr'>innonosio</span> <span class='ocrx_word' id='word_1_2' title='bbox 568 207 738 260; x_wconf 80' lang='lat' dir='ltr'>Auousuo</span> <span class='ocrx_word' id='word_1_3' title='bbox 757 209 790 258; x_wconf 85' lang='lat' dir='ltr'>n.</span> <span class='ocrx_word' id='word_1_4' title='bbox 813 209 905 258; x_wconf 84' lang='lat'>8-10.</span> <span class='ocrx_word' id='word_1_5' title='bbox 1041 205 1105 269; x_wconf 79' lang='grc'>279</span> 
     </span>
    </p>
   </div>
   <div class='ocr_carea' id='block_1_2' title="bbox 138 355 1135 1010">
    <p class='ocr_par' dir='ltr' id='par_1_2' title="bbox 138 355 1135 1010">
     <span class='ocr_line' id='line_1_2' title="bbox 139 355 1105 440; baseline -0.004 -18"><span class='ocrx_word' id='word_1_6' title='bbox 139 359 186 422; x_wconf 93' lang='lat' dir='ltr'>dis</span> <span class='ocrx_word' id='word_1_7' title='bbox 213 361 342 440; x_wconf 89' lang='lat' dir='ltr'>tempus</span> <span class='ocrx_word' id='word_1_8' title='bbox 369 355 481 437; x_wconf 88' lang='lat' dir='ltr'>dabas,</span> <span class='ocrx_word' id='word_1_9' title='bbox 510 377 578 419; x_wconf 93' lang='lat' dir='ltr'>rem</span> <span class='ocrx_word' id='word_1_10' title='bbox 607 359 640 419; x_wconf 92' lang='lat' dir='ltr'>et</span> <span class='ocrx_word' id='word_1_11' title='bbox 661 355 779 419; x_wconf 82' lang='lat' dir='ltr'>famam</span> <span class='ocrx_word' id='word_1_12' title='bbox 807 356 926 440; x_wconf 89' lang='lat' dir='ltr'>pariter</span> <span class='ocrx_word' id='word_1_13' title='bbox 955 356 1105 440; x_wconf 80' lang='lat' dir='ltr'>augebas.</span> 
     </span>
     <span class='ocr_line' id='line_1_3' title="bbox 139 440 1107 524; baseline -0.002 -19"><span class='ocrx_word' id='word_1_14' title='bbox 139 446 172 506; x_wconf 89' lang='lat' dir='ltr'>et</span> <span class='ocrx_word' id='word_1_15' title='bbox 198 442 233 505; x_wconf 91' lang='lat' dir='ltr'>in</span> <span class='ocrx_word' id='word_1_16' title='bbox 254 441 386 505; x_wconf 88' lang='lat' dir='ltr'>urbibus</span> <span class='ocrx_word' id='word_1_17' title='bbox 409 441 535 524; x_wconf 89' lang='lat' dir='ltr'>quidem</span> <span class='ocrx_word' id='word_1_18' title='bbox 563 441 706 504; x_wconf 89' lang='lat' dir='ltr'>omnium</span> <span class='ocrx_word' id='word_1_19' title='bbox 734 443 875 504; x_wconf 88' lang='lat' dir='ltr'>aetatum</span> <span class='ocrx_word' id='word_1_20' title='bbox 897 440 1107 524; x_wconf 85' lang='lat' dir='ltr'><strong>ordinumque</strong></span> 
     </span>
     <span class='ocr_line' id='line_1_4' title="bbox 138 524 1108 608; baseline -0.003 -18"><span class='ocrx_word' id='word_1_21' title='bbox 138 527 283 591; x_wconf 87' lang='lat' dir='ltr'>homines</span> <span class='ocrx_word' id='word_1_22' title='bbox 305 525 356 589; x_wconf 89' lang='lat' dir='ltr'>his</span> <span class='ocrx_word' id='word_1_23' title='bbox 379 525 520 589; x_wconf 81' lang='lat' dir='ltr'>catillis</span> <span class='ocrx_word' id='word_1_24' title='bbox 543 524 707 588; x_wconf 85' lang='lat' dir='ltr'>benefieiis</span> <span class='ocrx_word' id='word_1_25' title='bbox 730 524 1007 608; x_wconf 88' lang='lat' dir='ltr'>apprehendebas,</span> <span class='ocrx_word' id='word_1_26' title='bbox 1031 525 1108 587; x_wconf 90' lang='lat' dir='ltr'>ami-</span> 
     </span>
     <span class='ocr_line' id='line_1_5' title="bbox 139 609 1107 693; baseline -0.003 -19"><span class='ocrx_word' id='word_1_27' title='bbox 139 631 247 674; x_wconf 90' lang='lat' dir='ltr'>corum</span> <span class='ocrx_word' id='word_1_28' title='bbox 270 609 433 675; x_wconf 90' lang='lat' dir='ltr'>commoda</span> <span class='ocrx_word' id='word_1_29' title='bbox 450 610 677 692; x_wconf 77' lang='lat' dir='ltr'>praesentium,</span> <span class='ocrx_word' id='word_1_30' title='bbox 704 609 886 673; x_wconf 89' lang='lat' dir='ltr'>absentium</span> <span class='ocrx_word' id='word_1_31' title='bbox 906 609 1039 693; x_wconf 86' lang='lat' dir='ltr'>negotia</span> <span class='ocrx_word' id='word_1_32' title='bbox 1060 631 1107 671; x_wconf 90' lang='lat' dir='ltr'>as·</span> 
     </span>
     <span class='ocr_line' id='line_1_6' title="bbox 138 692 1135 778; baseline -0.005 -20"><span class='ocrx_word' id='word_1_33' title='bbox 138 694 287 758; x_wconf 87' lang='lat' dir='ltr'>siduitate</span> <span class='ocrx_word' id='word_1_34' title='bbox 303 693 435 758; x_wconf 87' lang='lat' dir='ltr'>consilio</span> <span class='ocrx_word' id='word_1_35' title='bbox 450 715 485 758; x_wconf 91' lang='lat' dir='ltr'>re</span> <span class='ocrx_word' id='word_1_36' title='bbox 500 694 642 758; x_wconf 87' lang='lat' dir='ltr'>iuuabas.</span> <span class='ocrx_word' id='word_1_37' title='bbox 670 695 745 776; x_wconf 92' lang='lat' dir='ltr'>iam,</span> <span class='ocrx_word' id='word_1_38' title='bbox 762 693 789 756; x_wconf 89' lang='lat' dir='ltr'>si</span> <span class='ocrx_word' id='word_1_39' title='bbox 803 693 977 778; x_wconf 76' lang='lat' dir='ltr'>placuisset</span> <span class='ocrx_word' id='word_1_40' title='bbox 991 692 1135 776; x_wconf 81' lang='lat' dir='ltr'>oppidas</span> 
     </span>
     <span class='ocr_line' id='line_1_7' title="bbox 138 776 1108 861; baseline -0.002 -20"><span class='ocrx_word' id='word_1_41' title='bbox 138 799 212 842; x_wconf 88' lang='lat' dir='ltr'>rure</span> <span class='ocrx_word' id='word_1_42' title='bbox 226 782 359 861; x_wconf 89' lang='lat' dir='ltr'>mutare,</span> <span class='ocrx_word' id='word_1_43' title='bbox 383 781 418 842; x_wconf 87' lang='lat' dir='ltr'>ut</span> <span class='ocrx_word' id='word_1_44' title='bbox 432 781 468 843; x_wconf 89' lang='lat' dir='ltr'>tu</span> <span class='ocrx_word' id='word_1_45' title='bbox 483 778 569 842; x_wconf 89' lang='lat' dir='ltr'>uitae</span> <span class='ocrx_word' id='word_1_46' title='bbox 592 778 711 842; x_wconf 85' lang='lat' dir='ltr'>oblitus</span> <span class='ocrx_word' id='word_1_47' title='bbox 724 777 869 842; x_wconf 88' lang='lat' dir='ltr'>urbanae</span> <span class='ocrx_word' id='word_1_48' title='bbox 886 776 1108 861; x_wconf 83' lang='lat' dir='ltr'>exsequebaris</span> 
     </span>
     <span class='ocr_line' id='line_1_8' title="bbox 139 861 1109 1010; baseline -0.003 -84"><span class='ocrx_word' id='word_1_49' title='bbox 139 863 333 1010; x_wconf 75' lang='lat' dir='ltr'>agricolam!</span> <span class='ocrx_word' id='word_1_50' title='bbox 371 863 464 926; x_wconf 89' lang='lat' dir='ltr'>audio</span> <span class='ocrx_word' id='word_1_51' title='bbox 488 863 598 945; x_wconf 88' lang='lat' dir='ltr'>etiarn,</span> <span class='ocrx_word' id='word_1_52' title='bbox 621 863 806 946; x_wconf 87' lang='lat' dir='ltr'>imperator,</span> <span class='ocrx_word' id='word_1_53' title='bbox 831 866 864 926; x_wconf 90' lang='lat' dir='ltr'>et</span> <span class='ocrx_word' id='word_1_54' title='bbox 885 861 989 945; x_wconf 89' lang='lat' dir='ltr'>credO,</span> <span class='ocrx_word' id='word_1_55' title='bbox 1013 882 1109 944; x_wconf 85' lang='lat' dir='ltr'>saepe</span> 
     </span>
    </p>
   </div>
   <div class='ocr_carea' id='block_1_3' title="bbox 135 947 1151 2798">
    <p class='ocr_par' dir='ltr' id='par_1_3' title="bbox 135 947 1151 2798">
     <span class='ocr_line' id='line_1_9' title="bbox 138 947 1109 1031; baseline -0.003 -19"><span class='ocrx_word' id='word_1_56' title='bbox 138 948 246 1030; x_wconf 89' lang='lat' dir='ltr'>aiqua</span> <span class='ocrx_word' id='word_1_57' title='bbox 267 950 300 1011; x_wconf 89' lang='lat' dir='ltr'>te</span> <span class='ocrx_word' id='word_1_58' title='bbox 322 948 468 1011; x_wconf 87' lang='lat' dir='ltr'>laborum</span> <span class='ocrx_word' id='word_1_59' title='bbox 486 947 547 1011; x_wconf 91' lang='lat' dir='ltr'>tibi</span> <span class='ocrx_word' id='word_1_60' title='bbox 569 947 632 1031; x_wconf 89' lang='lat' dir='ltr'>ipsi</span> <span class='ocrx_word' id='word_1_61' title='bbox 654 947 831 1010; x_wconf 84' lang='lat' dir='ltr'>iniunxisse</span> <span class='ocrx_word' id='word_1_62' title='bbox 854 949 896 1029; x_wconf 87' lang='lat' dir='ltr'>et,</span> <span class='ocrx_word' id='word_1_63' title='bbox 920 968 962 1010; x_wconf 90' lang='lat' dir='ltr'>ne</span> <span class='ocrx_word' id='word_1_64' title='bbox 986 948 1109 1010; x_wconf 89' lang='lat' dir='ltr'>contra-</span> 
     </span>
     <span class='ocr_line' id='line_1_10' title="bbox 138 1030 1109 1115; baseline -0.002 -21"><span class='ocrx_word' id='word_1_65' title='bbox 138 1030 231 1095; x_wconf 87' lang='lat' dir='ltr'>heres</span> <span class='ocrx_word' id='word_1_66' title='bbox 252 1035 381 1114; x_wconf 88' lang='lat' dir='ltr'>tOrpore</span> <span class='ocrx_word' id='word_1_67' title='bbox 404 1032 545 1115; x_wconf 84' lang='lat' dir='ltr'>eorporis</span> <span class='ocrx_word' id='word_1_68' title='bbox 565 1034 742 1113; x_wconf 85' lang='lat' dir='ltr'>ueternum,</span> <span class='ocrx_word' id='word_1_69' title='bbox 767 1030 1006 1114; x_wconf 85' lang='lat' dir='ltr'>cuiusquemodi</span> <span class='ocrx_word' id='word_1_70' title='bbox 1029 1051 1109 1093; x_wconf 90' lang='lat' dir='ltr'>sem-</span> 
     </span>
     <span class='ocr_line' id='line_1_11' title="bbox 138 1113 1149 1200; baseline -0.005 -21"><span class='ocrx_word' id='word_1_71' title='bbox 138 1136 196 1198; x_wconf 88' lang='lat' dir='ltr'>per</span> <span class='ocrx_word' id='word_1_72' title='bbox 229 1135 325 1200; x_wconf 88' lang='lat' dir='ltr'>Opere</span> <span class='ocrx_word' id='word_1_73' title='bbox 356 1116 538 1179; x_wconf 87' lang='lat' dir='ltr'>insidiantis</span> <span class='ocrx_word' id='word_1_74' title='bbox 572 1115 630 1180; x_wconf 90' lang='lat' dir='ltr'>otii</span> <span class='ocrx_word' id='word_1_75' title='bbox 661 1116 791 1180; x_wconf 76' lang='lat' dir='ltr'>tersisse</span> <span class='ocrx_word' id='word_1_76' title='bbox 823 1115 1015 1200; x_wconf 82' lang='lat' dir='ltr'>rubiginem.</span> <span class='ocrx_word' id='word_1_77' title='bbox 1065 1113 1110 1178; x_wconf 87' lang='lat' dir='ltr'>sio</span> <span class='ocrx_word' id='word_1_78' title='bbox 1124 1134 1149 1174; x_wconf 92' lang='lat'>10</span> 
     </span>
     <span class='ocr_line' id='line_1_12' title="bbox 138 1197 1112 1284; baseline -0.001 -21"><span class='ocrx_word' id='word_1_79' title='bbox 138 1204 283 1284; x_wconf 78' lang='lat' dir='ltr'>agrestes</span> <span class='ocrx_word' id='word_1_80' title='bbox 312 1197 416 1283; x_wconf 81' lang='lat' dir='ltr'>Curii,</span> <span class='ocrx_word' id='word_1_81' title='bbox 447 1201 492 1264; x_wconf 87' lang='lat' dir='ltr'>sio</span> <span class='ocrx_word' id='word_1_82' title='bbox 519 1202 646 1264; x_wconf 88' lang='lat' dir='ltr'>ueteres</span> <span class='ocrx_word' id='word_1_83' title='bbox 674 1199 870 1282; x_wconf 81' lang='lat' dir='ltr'>Coruncani,</span> <span class='ocrx_word' id='word_1_84' title='bbox 904 1201 950 1263; x_wconf 85' lang='lat' dir='ltr'>sic</span> <span class='ocrx_word' id='word_1_85' title='bbox 976 1199 1112 1262; x_wconf 86' lang='lat' dir='ltr'>nomina</span> 
     </span>
     <span class='ocr_line' id='line_1_13' title="bbox 137 1283 1111 1366; baseline -0.002 -19"><span class='ocrx_word' id='word_1_86' title='bbox 137 1284 315 1348; x_wconf 89' lang='lat' dir='ltr'>reuerenda</span> <span class='ocrx_word' id='word_1_87' title='bbox 329 1283 478 1361; x_wconf 77' lang='lat' dir='ltr'>Fabricii,</span> <span class='ocrx_word' id='word_1_88' title='bbox 502 1305 574 1348; x_wconf 89' lang='lat' dir='ltr'>cum</span> <span class='ocrx_word' id='word_1_89' title='bbox 597 1283 743 1346; x_wconf 86' lang='lat' dir='ltr'>induciae</span> <span class='ocrx_word' id='word_1_90' title='bbox 759 1283 844 1346; x_wconf 92' lang='lat' dir='ltr'>bella</span> <span class='ocrx_word' id='word_1_91' title='bbox 867 1283 1111 1366; x_wconf 88' lang='lat' dir='ltr'>suspenderant,</span> 
     </span>
     <span class='ocr_line' id='line_1_14' title="bbox 139 1367 1112 1450; baseline -0.001 -19"><span class='ocrx_word' id='word_1_92' title='bbox 139 1369 225 1431; x_wconf 91' lang='lat' dir='ltr'>inter</span> <span class='ocrx_word' id='word_1_93' title='bbox 254 1372 361 1431; x_wconf 90' lang='lat' dir='ltr'>aratra</span> <span class='ocrx_word' id='word_1_94' title='bbox 389 1367 542 1431; x_wconf 87' lang='lat' dir='ltr'>uiuebant</span> <span class='ocrx_word' id='word_1_95' title='bbox 569 1369 617 1448; x_wconf 91' lang='lat' dir='ltr'>et,</span> <span class='ocrx_word' id='word_1_96' title='bbox 649 1387 690 1429; x_wconf 89' lang='lat' dir='ltr'>ne</span> <span class='ocrx_word' id='word_1_97' title='bbox 717 1367 820 1430; x_wconf 87' lang='lat' dir='ltr'>uirtus</span> <span class='ocrx_word' id='word_1_98' title='bbox 848 1367 955 1448; x_wconf 89' lang='lat' dir='ltr'>quiete</span> <span class='ocrx_word' id='word_1_99' title='bbox 980 1367 1112 1450; x_wconf 88' lang='lat' dir='ltr'>langue-</span> 
     </span>
     <span class='ocr_line' id='line_1_15' title="bbox 140 1448 1111 1535; baseline -0.002 -20"><span class='ocrx_word' id='word_1_100' title='bbox 140 1455 259 1534; x_wconf 84' lang='lat' dir='ltr'>sceret,</span> <span class='ocrx_word' id='word_1_101' title='bbox 293 1451 447 1534; x_wconf 79' lang='lat' dir='ltr'>depositis</span> <span class='ocrx_word' id='word_1_102' title='bbox 474 1451 510 1514; x_wconf 92' lang='lat' dir='ltr'>in</span> <span class='ocrx_word' id='word_1_103' title='bbox 537 1450 661 1535; x_wconf 90' lang='lat' dir='ltr'>gremio</span> <span class='ocrx_word' id='word_1_104' title='bbox 685 1448 859 1535; x_wconf 77' lang='lat' dir='ltr'>Capitolini</span> <span class='ocrx_word' id='word_1_105' title='bbox 881 1449 967 1514; x_wconf 87' lang='lat' dir='ltr'>Iouis</span> <span class='ocrx_word' id='word_1_106' title='bbox 994 1450 1111 1514; x_wconf 91' lang='lat' dir='ltr'>laureis</span> 
     </span>
     <span class='ocr_line' id='line_1_16' title="bbox 138 1534 1150 1618; baseline -0.006 -20"><span class='ocrx_word' id='word_1_107' title='bbox 138 1534 352 1618; x_wconf 88' lang='lat' dir='ltr'>triumphales</span> <span class='ocrx_word' id='word_1_108' title='bbox 385 1535 448 1599; x_wconf 85' lang='lat' dir='ltr'>uiri</span> <span class='ocrx_word' id='word_1_109' title='bbox 479 1535 725 1599; x_wconf 87' lang='lat' dir='ltr'>rusticabantur.</span> <span class='ocrx_word' id='word_1_110' title='bbox 769 1535 844 1598; x_wconf 91' lang='lat' dir='ltr'>inde</span> <span class='ocrx_word' id='word_1_111' title='bbox 874 1538 923 1598; x_wconf 88' lang='lat' dir='ltr'>est</span> <span class='ocrx_word' id='word_1_112' title='bbox 950 1535 1034 1618; x_wconf 90' lang='lat' dir='ltr'>quod</span> <span class='ocrx_word' id='word_1_113' title='bbox 1062 1556 1111 1598; x_wconf 89' lang='lat' dir='ltr'>ac·</span> <span class='ocrx_word' id='word_1_114' title='bbox 1125 1551 1150 1592; x_wconf 84' lang='lat' dir='ltr'>rs</span> 
     </span>
     <span class='ocr_line' id='line_1_17' title="bbox 141 1619 1112 1704; baseline -0.003 -20"><span class='ocrx_word' id='word_1_115' title='bbox 141 1621 284 1704; x_wconf 86' lang='lat' dir='ltr'>cepimus</span> <span class='ocrx_word' id='word_1_116' title='bbox 301 1620 392 1683; x_wconf 89' lang='lat' dir='ltr'>datos</span> <span class='ocrx_word' id='word_1_117' title='bbox 415 1619 596 1683; x_wconf 89' lang='lat' dir='ltr'>serentibus</span> <span class='ocrx_word' id='word_1_118' title='bbox 612 1620 715 1683; x_wconf 86' lang='lat' dir='ltr'>fasces</span> <span class='ocrx_word' id='word_1_119' title='bbox 738 1623 770 1682; x_wconf 92' lang='lat' dir='ltr'>et</span> <span class='ocrx_word' id='word_1_120' title='bbox 791 1619 905 1682; x_wconf 85' lang='lat' dir='ltr'>missas</span> <span class='ocrx_word' id='word_1_121' title='bbox 930 1640 1001 1683; x_wconf 88' lang='lat' dir='ltr'>cum</span> <span class='ocrx_word' id='word_1_122' title='bbox 1021 1640 1112 1683; x_wconf 90' lang='lat' dir='ltr'>curu-</span> 
     </span>
     <span class='ocr_line' id='line_1_18' title="bbox 140 1703 1113 1787; baseline -0.002 -19"><span class='ocrx_word' id='word_1_123' title='bbox 140 1705 225 1769; x_wconf 85' lang='lat' dir='ltr'>libus</span> <span class='ocrx_word' id='word_1_124' title='bbox 248 1704 314 1767; x_wconf 89' lang='lat' dir='ltr'>suis</span> <span class='ocrx_word' id='word_1_125' title='bbox 336 1724 395 1787; x_wconf 88' lang='lat' dir='ltr'>per</span> <span class='ocrx_word' id='word_1_126' title='bbox 415 1725 491 1766; x_wconf 90' lang='lat' dir='ltr'>rura</span> <span class='ocrx_word' id='word_1_127' title='bbox 513 1703 699 1786; x_wconf 83' lang='lat' dir='ltr'>palmatas,</span> <span class='ocrx_word' id='word_1_128' title='bbox 713 1703 795 1786; x_wconf 92' lang='lat' dir='ltr'>quod</span> <span class='ocrx_word' id='word_1_129' title='bbox 819 1703 978 1787; x_wconf 84' lang='lat' dir='ltr'>agricolas</span> <span class='ocrx_word' id='word_1_130' title='bbox 999 1725 1113 1767; x_wconf 90' lang='lat' dir='ltr'>consu-</span> 
     </span>
     <span class='ocr_line' id='line_1_19' title="bbox 135 1787 1113 1872; baseline -0.003 -20"><span class='ocrx_word' id='word_1_131' title='bbox 135 1789 225 1852; x_wconf 88' lang='lat' dir='ltr'>lares</span> <span class='ocrx_word' id='word_1_132' title='bbox 236 1791 445 1872; x_wconf 84' lang='lat' dir='ltr'>pastoresque</span> <span class='ocrx_word' id='word_1_133' title='bbox 457 1787 621 1852; x_wconf 87' lang='lat' dir='ltr'>trabeatos</span> <span class='ocrx_word' id='word_1_134' title='bbox 637 1790 670 1851; x_wconf 88' lang='lat' dir='ltr'>et</span> <span class='ocrx_word' id='word_1_135' title='bbox 681 1787 853 1852; x_wconf 87' lang='lat' dir='ltr'>dictatores</span> <span class='ocrx_word' id='word_1_136' title='bbox 868 1789 954 1852; x_wconf 91' lang='lat' dir='ltr'>inter</span> <span class='ocrx_word' id='word_1_137' title='bbox 965 1791 1113 1851; x_wconf 89' lang='lat' dir='ltr'>armenta</span> 
     </span>
     <span class='ocr_line' id='line_1_20' title="bbox 140 1871 1113 1956; baseline -0.002 -20"><span class='ocrx_word' id='word_1_138' title='bbox 140 1873 285 1937; x_wconf 86' lang='lat' dir='ltr'>uestitos.</span> <span class='ocrx_word' id='word_1_139' title='bbox 331 1875 364 1936; x_wconf 92' lang='lat' dir='ltr'>et</span> <span class='ocrx_word' id='word_1_140' title='bbox 384 1872 457 1936; x_wconf 91' lang='lat' dir='ltr'>illos</span> <span class='ocrx_word' id='word_1_141' title='bbox 480 1871 607 1955; x_wconf 90' lang='lat' dir='ltr'>quidem</span> <span class='ocrx_word' id='word_1_142' title='bbox 634 1874 773 1956; x_wconf 89' lang='lat' dir='ltr'>angusta</span> <span class='ocrx_word' id='word_1_143' title='bbox 795 1894 846 1935; x_wconf 90' lang='lat' dir='ltr'>res</span> <span class='ocrx_word' id='word_1_144' title='bbox 868 1872 1038 1935; x_wconf 89' lang='lat' dir='ltr'>familiaris</span> <span class='ocrx_word' id='word_1_145' title='bbox 1060 1871 1113 1934; x_wconf 94' lang='lat' dir='ltr'>ad-</span> 
     </span>
     <span class='ocr_line' id='line_1_21' title="bbox 141 1955 1151 2040; baseline -0.002 -20"><span class='ocrx_word' id='word_1_146' title='bbox 141 1956 268 2021; x_wconf 89' lang='lat' dir='ltr'>dicebat</span> <span class='ocrx_word' id='word_1_147' title='bbox 290 1956 401 2040; x_wconf 89' lang='lat' dir='ltr'>labori,</span> <span class='ocrx_word' id='word_1_148' title='bbox 425 1960 461 2019; x_wconf 86' lang='lat' dir='ltr'>ut</span> <span class='ocrx_word' id='word_1_149' title='bbox 483 1955 598 2040; x_wconf 92' lang='lat' dir='ltr'>quibus</span> <span class='ocrx_word' id='word_1_150' title='bbox 619 1955 698 2039; x_wconf 86' lang='lat' dir='ltr'>ipsis</span> <span class='ocrx_word' id='word_1_151' title='bbox 721 1956 895 2020; x_wconf 88' lang='lat' dir='ltr'>suburbani</span> <span class='ocrx_word' id='word_1_152' title='bbox 915 1957 1001 2019; x_wconf 85' lang='lat' dir='ltr'>horti</span> <span class='ocrx_word' id='word_1_153' title='bbox 1023 1976 1112 2039; x_wconf 91' lang='lat' dir='ltr'>prae·</span> <span class='ocrx_word' id='word_1_154' title='bbox 1126 1973 1151 2012; x_wconf 81' lang='lat'>20</span> 
     </span>
     <span class='ocr_line' id='line_1_22' title="bbox 141 2041 1113 2126; baseline -0.005 -19"><span class='ocrx_word' id='word_1_155' title='bbox 141 2060 279 2126; x_wconf 86' lang='lat' dir='ltr'>uepsque</span> <span class='ocrx_word' id='word_1_156' title='bbox 301 2041 478 2106; x_wconf 85' lang='lat' dir='ltr'>Ianiculum</span> <span class='ocrx_word' id='word_1_157' title='bbox 504 2042 537 2104; x_wconf 88' lang='lat' dir='ltr'>ct</span> <span class='ocrx_word' id='word_1_158' title='bbox 557 2041 670 2124; x_wconf 89' lang='lat' dir='ltr'>iugera</span> <span class='ocrx_word' id='word_1_159' title='bbox 692 2045 798 2104; x_wconf 88' lang='lat' dir='ltr'>artata</span> <span class='ocrx_word' id='word_1_160' title='bbox 819 2041 962 2125; x_wconf 88' lang='lat' dir='ltr'>pomerio</span> <span class='ocrx_word' id='word_1_161' title='bbox 984 2061 1113 2105; x_wconf 88' lang='lat' dir='ltr'>uomere</span> 
     </span>
     <span class='ocr_line' id='line_1_23' title="bbox 142 2124 1113 2210; baseline -0.003 -20"><span class='ocrx_word' id='word_1_162' title='bbox 142 2129 249 2190; x_wconf 89' lang='lat' dir='ltr'>essent</span> <span class='ocrx_word' id='word_1_163' title='bbox 276 2128 331 2189; x_wconf 89' lang='lat' dir='ltr'>ant</span> <span class='ocrx_word' id='word_1_164' title='bbox 353 2126 463 2210; x_wconf 89' lang='lat' dir='ltr'>ligone</span> <span class='ocrx_word' id='word_1_165' title='bbox 491 2124 650 2189; x_wconf 89' lang='lat' dir='ltr'>uersanda</span> <span class='ocrx_word' id='word_1_166' title='bbox 677 2145 737 2190; x_wconf 90' lang='lat' dir='ltr'>nec</span> <span class='ocrx_word' id='word_1_167' title='bbox 759 2126 877 2189; x_wconf 89' lang='lat' dir='ltr'>iniuria</span> <span class='ocrx_word' id='word_1_168' title='bbox 904 2147 983 2208; x_wconf 90' lang='lat' dir='ltr'>opus</span> <span class='ocrx_word' id='word_1_169' title='bbox 1008 2145 1113 2188; x_wconf 89' lang='lat' dir='ltr'>reuer-</span> 
     </span>
     <span class='ocr_line' id='line_1_24' title="bbox 141 2209 1112 2294; baseline -0.002 -21"><span class='ocrx_word' id='word_1_170' title='bbox 141 2212 263 2274; x_wconf 88' lang='lat' dir='ltr'>teretur</span> <span class='ocrx_word' id='word_1_171' title='bbox 292 2209 332 2273; x_wconf 90' lang='lat' dir='ltr'>ad</span> <span class='ocrx_word' id='word_1_172' title='bbox 358 2210 522 2292; x_wconf 89' lang='lat' dir='ltr'>dominos,</span> <span class='ocrx_word' id='word_1_173' title='bbox 553 2231 625 2273; x_wconf 91' lang='lat' dir='ltr'>cum</span> <span class='ocrx_word' id='word_1_174' title='bbox 653 2209 787 2274; x_wconf 88' lang='lat' dir='ltr'>deerant</span> <span class='ocrx_word' id='word_1_175' title='bbox 813 2211 929 2294; x_wconf 90' lang='lat' dir='ltr'>quibus</span> <span class='ocrx_word' id='word_1_176' title='bbox 957 2209 1112 2273; x_wconf 89' lang='lat' dir='ltr'>iuberent.</span> 
     </span>
     <span class='ocr_line' id='line_1_25' title="bbox 144 2292 1113 2376; baseline 0 -20"><span class='ocrx_word' id='word_1_177' title='bbox 144 2292 286 2356; x_wconf 88' lang='lat' dir='ltr'>detrahit</span> <span class='ocrx_word' id='word_1_178' title='bbox 306 2293 432 2356; x_wconf 89' lang='lat' dir='ltr'>laudem</span> <span class='ocrx_word' id='word_1_179' title='bbox 455 2293 631 2375; x_wconf 86' lang='lat' dir='ltr'>patientiae</span> <span class='ocrx_word' id='word_1_180' title='bbox 656 2294 783 2376; x_wconf 91' lang='lat' dir='ltr'>inopia:</span> <span class='ocrx_word' id='word_1_181' title='bbox 817 2295 947 2357; x_wconf 88' lang='lat' dir='ltr'>maioris</span> <span class='ocrx_word' id='word_1_182' title='bbox 976 2293 1113 2376; x_wconf 88' lang='lat' dir='ltr'>exempli</span> 
     </span>
     <span class='ocr_line' id='line_1_26' title="bbox 144 2376 1151 2440; baseline -0.006 0"><span class='ocrx_word' id='word_1_183' title='bbox 144 2379 193 2440; x_wconf 90' lang='lat' dir='ltr'>est</span> <span class='ocrx_word' id='word_1_184' title='bbox 214 2376 306 2440; x_wconf 91' lang='lat' dir='ltr'>labor</span> <span class='ocrx_word' id='word_1_185' title='bbox 328 2377 397 2440; x_wconf 88' lang='lat' dir='ltr'>sine</span> <span class='ocrx_word' id='word_1_186' title='bbox 419 2377 621 2440; x_wconf 85' lang='lat' dir='ltr'>necessitate.</span> <span class='ocrx_word' id='word_1_187' title='bbox 1125 2395 1151 2434; x_wconf 80' lang='lat'>25</span> 
     </span>
     <span class='ocr_line' id='line_1_27' title="bbox 206 2459 1114 2544; baseline -0.001 -19"><span class='ocrx_word' id='word_1_188' title='bbox 206 2459 246 2525; x_wconf 89' lang='lat' dir='ltr'>X.</span> <span class='ocrx_word' id='word_1_189' title='bbox 298 2459 447 2525; x_wconf 83' lang='lat' dir='ltr'>Gaudent</span> <span class='ocrx_word' id='word_1_190' title='bbox 473 2460 618 2543; x_wconf 83' lang='lat' dir='ltr'>profecto</span> <span class='ocrx_word' id='word_1_191' title='bbox 646 2463 801 2544; x_wconf 89' lang='lat' dir='ltr'>perpetuo</span> <span class='ocrx_word' id='word_1_192' title='bbox 830 2460 939 2525; x_wconf 90' lang='lat' dir='ltr'>diuina</span> <span class='ocrx_word' id='word_1_193' title='bbox 965 2463 1055 2524; x_wconf 92' lang='lat' dir='ltr'>motu</span> <span class='ocrx_word' id='word_1_194' title='bbox 1081 2463 1114 2525; x_wconf 89' lang='lat' dir='ltr'>et</span> 
     </span>
     <span class='ocr_line' id='line_1_28' title="bbox 142 2545 1113 2631; baseline -0.001 -22"><span class='ocrx_word' id='word_1_195' title='bbox 142 2546 212 2631; x_wconf 86' lang='lat' dir='ltr'>iugi</span> <span class='ocrx_word' id='word_1_196' title='bbox 239 2545 417 2630; x_wconf 83' lang='lat' dir='ltr'>agitatione</span> <span class='ocrx_word' id='word_1_197' title='bbox 450 2567 486 2609; x_wconf 88' lang='lat' dir='ltr'>se</span> <span class='ocrx_word' id='word_1_198' title='bbox 512 2547 646 2630; x_wconf 87' lang='lat' dir='ltr'>uegetat</span> <span class='ocrx_word' id='word_1_199' title='bbox 678 2545 852 2615; x_wconf 89' lang='lat' dir='ltr'>aeternitas</span> <span class='ocrx_word' id='word_1_200' title='bbox 881 2549 928 2627; x_wconf 90' lang='lat' dir='ltr'>et,</span> <span class='ocrx_word' id='word_1_201' title='bbox 962 2545 1113 2629; x_wconf 88' lang='lat' dir='ltr'>quicquid</span> 
     </span>
     <span class='ocr_line' id='line_1_29' title="bbox 143 2629 1114 2714; baseline -0.003 -20"><span class='ocrx_word' id='word_1_202' title='bbox 143 2630 291 2694; x_wconf 89' lang='lat' dir='ltr'>homines</span> <span class='ocrx_word' id='word_1_203' title='bbox 319 2651 471 2694; x_wconf 88' lang='lat' dir='ltr'>uocamus</span> <span class='ocrx_word' id='word_1_204' title='bbox 499 2629 659 2714; x_wconf 90' lang='lat' dir='ltr'>laborem,</span> <span class='ocrx_word' id='word_1_205' title='bbox 694 2632 802 2694; x_wconf 89' lang='lat' dir='ltr'>uestra</span> <span class='ocrx_word' id='word_1_206' title='bbox 829 2633 945 2694; x_wconf 89' lang='lat' dir='ltr'>natura</span> <span class='ocrx_word' id='word_1_207' title='bbox 973 2634 1031 2693; x_wconf 88' lang='lat' dir='ltr'>est.</span> <span class='ocrx_word' id='word_1_208' title='bbox 1078 2632 1114 2692; x_wconf 91' lang='lat' dir='ltr'>ut</span> 
     </span>
     <span class='ocr_line' id='line_1_30' title="bbox 144 2713 1113 2798; baseline -0.003 -20"><span class='ocrx_word' id='word_1_209' title='bbox 144 2714 306 2778; x_wconf 89' lang='lat' dir='ltr'>indefessa</span> <span class='ocrx_word' id='word_1_210' title='bbox 332 2714 459 2798; x_wconf 86' lang='lat' dir='ltr'>uertigo</span> <span class='ocrx_word' id='word_1_211' title='bbox 492 2713 615 2777; x_wconf 89' lang='lat' dir='ltr'>caelum</span> <span class='ocrx_word' id='word_1_212' title='bbox 642 2717 741 2796; x_wconf 89' lang='lat' dir='ltr'>rotat,</span> <span class='ocrx_word' id='word_1_213' title='bbox 779 2717 816 2776; x_wconf 88' lang='lat' dir='ltr'>ut</span> <span class='ocrx_word' id='word_1_214' title='bbox 842 2715 945 2777; x_wconf 89' lang='lat' dir='ltr'>maria</span> <span class='ocrx_word' id='word_1_215' title='bbox 972 2713 1113 2776; x_wconf 86' lang='lat' dir='ltr'>aestibus</span> 
     </span>
    </p>
   </div>
   <div class='ocr_carea' id='block_1_4' title="bbox 146 2885 349 2892">
    <p class='ocr_par' dir='ltr' id='par_1_4' title="bbox 146 2885 349 2892">
     <span class='ocr_line' id='line_1_31' title="bbox 146 2885 349 2892; baseline -0.005 0"><span class='ocrx_word' id='word_1_216' title='bbox 146 2885 349 2892; x_wconf 40' lang='grc' dir='ltr'>...κὴ-,ᾖ-</span> 
     </span>
    </p>
   </div>
   <div class='ocr_carea' id='block_1_5' title="bbox 143 2981 1114 3577">
    <p class='ocr_par' dir='ltr' id='par_1_5' title="bbox 143 2981 1114 3577">
     <span class='ocr_line' id='line_1_32' title="bbox 214 2981 1111 3050; baseline -0.003 -15"><span class='ocrx_word' id='word_1_217' title='bbox 214 2988 227 3035; x_wconf 96' lang='grc'>1</span> <span class='ocrx_word' id='word_1_218' title='bbox 250 3001 321 3046; x_wconf 88' lang='lat' dir='ltr'>rem;</span> <span class='ocrx_word' id='word_1_219' title='bbox 348 2992 409 3047; x_wconf 80' lang='lat' dir='ltr'>polo</span> <span class='ocrx_word' id='word_1_220' title='bbox 435 2999 510 3049; x_wconf 87' lang='lat' dir='ltr'>spem</span> <span class='ocrx_word' id='word_1_221' title='bbox 541 2982 551 3049; x_wconf 77' lang='lat' dir='ltr'>ss</span> <span class='ocrx_word' id='word_1_222' title='bbox 579 2985 595 3032; x_wconf 88' lang='grc'>4</span> <span class='ocrx_word' id='word_1_223' title='bbox 623 2983 810 3048; x_wconf 86' lang='lat' dir='ltr'>praesentium</span> <span class='ocrx_word' id='word_1_224' title='bbox 838 2986 941 3034; x_wconf 78' lang='lat' dir='ltr'>addidi.-</span> <span class='ocrx_word' id='word_1_225' title='bbox 971 3001 1017 3035; x_wconf 87' lang='lat' dir='ltr'>om.</span> <span class='ocrx_word' id='word_1_226' title='bbox 1039 2985 1067 3032; x_wconf 75' lang='grc' dir='ltr'>Ι</span> <span class='ocrx_word' id='word_1_227' title='bbox 1097 2981 1111 3050; x_wconf 73' lang='grc' dir='ltr'>Η</span> 
     </span>
     <span class='ocr_line' id='line_1_33' title="bbox 145 3049 1113 3119; baseline -0.002 -15"><span class='ocrx_word' id='word_1_228' title='bbox 145 3056 160 3104; x_wconf 79' lang='grc'>7</span> <span class='ocrx_word' id='word_1_229' title='bbox 178 3049 273 3119; x_wconf 83' lang='lat' dir='ltr'>etiam]</span> <span class='ocrx_word' id='word_1_230' title='bbox 295 3053 367 3102; x_wconf 84' lang='lat' dir='ltr'>enim</span> <span class='ocrx_word' id='word_1_231' title='bbox 385 3052 532 3117; x_wconf 80' lang='lat' dir='ltr'>Sclrefferua</span> <span class='ocrx_word' id='word_1_232' title='bbox 549 3049 559 3116; x_wconf 76' lang='lat' dir='ltr'>ll</span> <span class='ocrx_word' id='word_1_233' title='bbox 575 3053 592 3102; x_wconf 83' lang='lat'>8</span> <span class='ocrx_word' id='word_1_234' title='bbox 611 3052 665 3116; x_wconf 89' lang='lat' dir='ltr'>ipsi</span> <span class='ocrx_word' id='word_1_235' title='bbox 682 3067 728 3104; x_wconf 86' lang='lat' dir='ltr'>om.</span> <span class='ocrx_word' id='word_1_236' title='bbox 743 3054 772 3111; x_wconf 74' lang='grc' dir='ltr'>ῦς</span> <span class='ocrx_word' id='word_1_237' title='bbox 791 3054 872 3102; x_wconf 80' lang='lat' dir='ltr'>malim</span> <span class='ocrx_word' id='word_1_238' title='bbox 889 3052 979 3114; x_wconf 83' lang='lat' dir='ltr'>ipsum</span> <span class='ocrx_word' id='word_1_239' title='bbox 996 3051 1005 3116; x_wconf 77' lang='grc' dir='ltr'>[Ι</span> <span class='ocrx_word' id='word_1_240' title='bbox 1023 3054 1039 3102; x_wconf 92' lang='grc'><strong>9</strong></span> <span class='ocrx_word' id='word_1_241' title='bbox 1057 3056 1113 3102; x_wconf 83' lang='lat' dir='ltr'>tor·</span> 
     </span>
     <span class='ocr_line' id='line_1_34' title="bbox 143 3118 1114 3187; baseline -0.003 -16"><span class='ocrx_word' id='word_1_242' title='bbox 143 3136 210 3187; x_wconf 90' lang='lat' dir='ltr'>pore</span> <span class='ocrx_word' id='word_1_243' title='bbox 229 3121 351 3184; x_wconf 87' lang='lat' dir='ltr'>corporis</span> <span class='ocrx_word' id='word_1_244' title='bbox 369 3122 477 3184; x_wconf 78' lang='lat' dir='ltr'>scripsi:</span> <span class='ocrx_word' id='word_1_245' title='bbox 495 3121 613 3184; x_wconf 85' lang='lat' dir='ltr'>torporis</span> <span class='ocrx_word' id='word_1_246' title='bbox 630 3121 653 3167; x_wconf 86' lang='grc' dir='ltr'><strong>Δ</strong></span> <span class='ocrx_word' id='word_1_247' title='bbox 671 3120 688 3168; x_wconf 78' lang='grc'><strong>9</strong></span> <span class='ocrx_word' id='word_1_248' title='bbox 705 3121 738 3168; x_wconf 99' lang='lat' dir='ltr'>W</span> <span class='ocrx_word' id='word_1_249' title='bbox 757 3123 880 3184; x_wconf 87' lang='lat' dir='ltr'>corporis</span> <span class='ocrx_word' id='word_1_250' title='bbox 897 3120 958 3168; x_wconf 80' lang='lat' dir='ltr'>BV</span> <span class='ocrx_word' id='word_1_251' title='bbox 985 3118 988 3177; x_wconf 96' lang='grc' dir='ltr'>Ι</span> <span class='ocrx_word' id='word_1_252' title='bbox 1022 3121 1114 3169; x_wconf 89' lang='lat' dir='ltr'>cuius-</span> 
     </span>
     <span class='ocr_line' id='line_1_35' title="bbox 144 3183 1114 3252; baseline -0.002 -14"><span class='ocrx_word' id='word_1_253' title='bbox 144 3188 273 3252; x_wconf 85' lang='lat' dir='ltr'>quemodi</span> <span class='ocrx_word' id='word_1_254' title='bbox 291 3189 438 3240; x_wconf 82' lang='lat' dir='ltr'>Liuineius:</span> <span class='ocrx_word' id='word_1_255' title='bbox 464 3186 644 3237; x_wconf 82' lang='lat' dir='ltr'>cuiuscemodi</span> <span class='ocrx_word' id='word_1_256' title='bbox 661 3188 688 3235; x_wconf 73' lang='grc' dir='ltr'><strong>Π</strong></span> <span class='ocrx_word' id='word_1_257' title='bbox 712 3186 890 3252; x_wconf 84' lang='lat' dir='ltr'>(eiuscemodi</span> <span class='ocrx_word' id='word_1_258' title='bbox 907 3187 949 3247; x_wconf 88' lang='lat' dir='ltr'>W)</span> <span class='ocrx_word' id='word_1_259' title='bbox 980 3183 989 3250; x_wconf 85' lang='grc' dir='ltr'>ΙΙ</span> <span class='ocrx_word' id='word_1_260' title='bbox 1020 3189 1051 3236; x_wconf 81' lang='grc'>15</span> <span class='ocrx_word' id='word_1_261' title='bbox 1072 3193 1114 3239; x_wconf 84' lang='lat' dir='ltr'>cst</span> 
     </span>
     <span class='ocr_line' id='line_1_36' title="bbox 162 3251 1114 3321; baseline -0.002 -15"><span class='ocrx_word' id='word_1_262' title='bbox 162 3253 229 3320; x_wconf 90' lang='lat' dir='ltr'>uod]</span> <span class='ocrx_word' id='word_1_263' title='bbox 251 3255 359 3321; x_wconf 88' lang='lat' dir='ltr'>quidem</span> <span class='ocrx_word' id='word_1_264' title='bbox 376 3256 409 3303; x_wconf 99' lang='lat' dir='ltr'>W</span> <span class='ocrx_word' id='word_1_265' title='bbox 437 3252 447 3319; x_wconf 78' lang='grc' dir='ltr'>ΙΙ</span> <span class='ocrx_word' id='word_1_266' title='bbox 478 3257 509 3302; x_wconf 75' lang='lat' dir='ltr'>lo</span> <span class='ocrx_word' id='word_1_267' title='bbox 532 3255 623 3306; x_wconf 78' lang='lat' dir='ltr'>fusses</span> <span class='ocrx_word' id='word_1_268' title='bbox 642 3255 675 3302; x_wconf 94' lang='lat' dir='ltr'>W</span> <span class='ocrx_word' id='word_1_269' title='bbox 703 3252 713 3318; x_wconf 85' lang='grc' dir='ltr'>ΙΙ</span> <span class='ocrx_word' id='word_1_270' title='bbox 744 3257 776 3304; x_wconf 83' lang='grc'>17</span> <span class='ocrx_word' id='word_1_271' title='bbox 797 3251 867 3320; x_wconf 87' lang='lat' dir='ltr'>suis]</span> <span class='ocrx_word' id='word_1_272' title='bbox 889 3253 964 3304; x_wconf 83' lang='lat' dir='ltr'>sellis</span> <span class='ocrx_word' id='word_1_273' title='bbox 983 3256 1114 3304; x_wconf 83' lang='lat' dir='ltr'>Puteanus</span> 
     </span>
     <span class='ocr_line' id='line_1_37' title="bbox 144 3271 1112 3389; baseline -0.003 -18"><span class='ocrx_word' id='word_1_274' title='bbox 144 3271 162 3389; x_wconf 74' lang='lat' dir='ltr'>ll</span> <span class='ocrx_word' id='word_1_275' title='bbox 187 3326 219 3372; x_wconf 82' lang='lat'>19</span> <span class='ocrx_word' id='word_1_276' title='bbox 238 3329 266 3372; x_wconf 82' lang='lat' dir='ltr'>et</span> <span class='ocrx_word' id='word_1_277' title='bbox 281 3325 388 3385; x_wconf 71' lang='lat' dir='ltr'>scrtpsi:</span> <span class='ocrx_word' id='word_1_278' title='bbox 413 3321 463 3373; x_wconf 88' lang='lat' dir='ltr'>sed</span> <span class='ocrx_word' id='word_1_279' title='bbox 480 3325 508 3370; x_wconf 73' lang='grc' dir='ltr'><strong>Π</strong></span> <span class='ocrx_word' id='word_1_280' title='bbox 531 3319 536 3384; x_wconf 93' lang='lat' dir='ltr'>l</span> <span class='ocrx_word' id='word_1_281' title='bbox 560 3327 679 3387; x_wconf 82' lang='lat' dir='ltr'>augusta</span> <span class='ocrx_word' id='word_1_282' title='bbox 696 3324 719 3371; x_wconf 78' lang='lat' dir='ltr'>A</span> <span class='ocrx_word' id='word_1_283' title='bbox 748 3319 758 3386; x_wconf 82' lang='grc' dir='ltr'>ΙΙ</span> <span class='ocrx_word' id='word_1_284' title='bbox 788 3325 820 3372; x_wconf 83' lang='grc'>20</span> <span class='ocrx_word' id='word_1_285' title='bbox 841 3329 901 3386; x_wconf 82' lang='lat' dir='ltr'>post</span> <span class='ocrx_word' id='word_1_286' title='bbox 920 3322 1017 3386; x_wconf 89' lang='lat' dir='ltr'>quibus</span> <span class='ocrx_word' id='word_1_287' title='bbox 1037 3323 1112 3371; x_wconf 79' lang='lat' dir='ltr'>Bere.</span> 
     </span>
     <span class='ocr_line' id='line_1_38' title="bbox 143 3387 1111 3454; baseline -0.003 -13"><span class='ocrx_word' id='word_1_288' title='bbox 143 3390 273 3441; x_wconf 86' lang='lat' dir='ltr'>uidelicet</span> <span class='ocrx_word' id='word_1_289' title='bbox 290 3392 363 3440; x_wconf 82' lang='lat' dir='ltr'>addit</span> <span class='ocrx_word' id='word_1_290' title='bbox 378 3391 382 3447; x_wconf 83' lang='grc' dir='ltr'>Ι</span> <span class='ocrx_word' id='word_1_291' title='bbox 398 3390 453 3454; x_wconf 87' lang='lat' dir='ltr'>ipsi</span> <span class='ocrx_word' id='word_1_292' title='bbox 469 3403 494 3438; x_wconf 81' lang='lat' dir='ltr'><strong>w</strong></span> <span class='ocrx_word' id='word_1_293' title='bbox 514 3387 524 3454; x_wconf 79' lang='grc' dir='ltr'>ΙΙ</span> <span class='ocrx_word' id='word_1_294' title='bbox 545 3392 577 3438; x_wconf 78' lang='lat'>26</span> <span class='ocrx_word' id='word_1_295' title='bbox 597 3395 728 3454; x_wconf 85' lang='lat' dir='ltr'>perpetuo</span> <span class='ocrx_word' id='word_1_296' title='bbox 746 3397 806 3440; x_wconf 81' lang='lat' dir='ltr'>ante</span> <span class='ocrx_word' id='word_1_297' title='bbox 824 3391 951 3454; x_wconf 84' lang='lat' dir='ltr'>profecto</span> <span class='ocrx_word' id='word_1_298' title='bbox 969 3392 1082 3439; x_wconf 72' lang='lat' dir='ltr'>iterate</span> <span class='ocrx_word' id='word_1_299' title='bbox 1108 3387 1111 3453; x_wconf 91' lang='grc' dir='ltr'>Ι</span> 
     </span>
     <span class='ocr_line' id='line_1_39' title="bbox 143 3455 1114 3574; baseline -0.004 -66"><span class='ocrx_word' id='word_1_300' title='bbox 143 3465 250 3524; x_wconf 86' lang='lat' dir='ltr'>perpet.</span> <span class='ocrx_word' id='word_1_301' title='bbox 269 3457 352 3574; x_wconf 50' lang='lat' dir='ltr'>diuvilu.</span> <span class='ocrx_word' id='word_1_302' title='bbox 370 3457 462 3510; x_wconf 67' lang='lat' dir='ltr'>Bora:</span> <span class='ocrx_word' id='word_1_303' title='bbox 484 3456 569 3508; x_wconf 84' lang='lat' dir='ltr'>diuin.</span> <span class='ocrx_word' id='word_1_304' title='bbox 589 3463 692 3522; x_wconf 79' lang='lat' dir='ltr'>perpet.</span> <span class='ocrx_word' id='word_1_305' title='bbox 709 3459 737 3505; x_wconf 79' lang='grc' dir='ltr'><strong>Μ</strong></span> <span class='ocrx_word' id='word_1_306' title='bbox 766 3455 776 3522; x_wconf 74' lang='lat' dir='ltr'>l</span> <span class='ocrx_word' id='word_1_307' title='bbox 806 3459 838 3508; x_wconf 73' lang='lat'>28</span> <span class='ocrx_word' id='word_1_308' title='bbox 859 3462 954 3508; x_wconf 88' lang='lat' dir='ltr'>uestra</span> <span class='ocrx_word' id='word_1_309' title='bbox 971 3456 994 3506; x_wconf 74' lang='lat' dir='ltr'>A</span> <span class='ocrx_word' id='word_1_310' title='bbox 1012 3459 1043 3505; x_wconf 79' lang='lat'>0:</span> <span class='ocrx_word' id='word_1_311' title='bbox 1066 3471 1114 3505; x_wconf 91' lang='lat' dir='ltr'>no-</span> 
     </span>
     <span class='ocr_line' id='line_1_40' title="bbox 145 3527 282 3577; baseline -0.029 0"><span class='ocrx_word' id='word_1_312' title='bbox 145 3531 205 3577; x_wconf 88' lang='lat' dir='ltr'>stra</span> <span class='ocrx_word' id='word_1_313' title='bbox 222 3527 242 3574; x_wconf 81' lang='lat' dir='ltr'>B</span> <span class='ocrx_word' id='word_1_314' title='bbox 260 3527 282 3574; x_wconf 84' lang='lat' dir='ltr'>V</span> 
     </span>
    </p>
   </div>
   <div class='ocr_carea' id='block_1_6' title="bbox 0 0 1301 3996">
    <p class='ocr_par' dir='ltr' id='par_1_6' title="bbox 0 0 1301 3996">
     <span class='ocr_line' id='line_1_41' title="bbox 0 0 1301 3996; baseline 0 0"><span class='ocrx_word' id='word_1_315' title='bbox 0 0 1301 3996; x_wconf 95' lang='lat' dir='ltr'> </span> 
     </span>
    </p>
   </div>
  </div>
 </body>
</html>
