2572 3990
391 153 395 160 ’
429 179 588 232 TRAIANO
606 181 642 235 n.
665 150 773 232 sr-sa.
1041 182 1081 246 47

112 330 208 412 ferro,
232 329 355 394 saeuire
378 330 552 408 securibus²
576 333 612 393 ut
634 331 662 393 si
684 330 828 414 singulos
851 331 933 394 ictus
950 333 1082 416 sanguis

112 415 264 498 dolorque
295 419 490 497 sequeretur.
535 436 629 479 nemo
657 417 725 478 tarn
755 418 939 498 temperans
972 417 1083 501 gandii
1169 414 1171 418 ’

112 520 264 583 seraeque
288 499 429 564 laetitiae
452 498 530 583 quin
551 500 653 562 instar
681 500 812 564 ultionis
834 500 996 574 uideretur
1019 523 1083 566 cer·
1170 579 1171 584 ἵ

112 606 189 649 nere
212 585 333 647 laceros
356 587 455 667 artus,
479 585 628 648 truncata
650 585 802 668 membra,
824 588 987 668 postremo
1016 589 1082 650 tru-

113 691 164 733 ces
193 668 432 752 horrendasque
460 669 618 752 imagines
646 669 787 737 obiectas
821 669 959 733 flammis
993 691 1109 734 exeo-5

114 758 242 838 ctasque
270 757 306 817 ut
328 774 367 817 ex
388 753 443 818 illo
466 757 586 818 terrore
614 758 647 818 et
675 755 771 818 minis
798 755 834 818 in
860 775 953 818 usum
981 753 1083 818 horni-

112 859 188 904 num
218 859 255 902 ae
283 838 465 921 uoluptates
496 838 626 923 ignibus
654 842 865 903 mutarentur.
911 839 1008 903 simili
1035 861 1084 904 re·

113 923 266 1003 uersutia,
291 921 418 1005 Caesar,
452 945 518 987 non
547 924 629 1007 apud
661 924 792 1009 genium
820 927 911 988 tuum
944 924 1083 990 bonitati

113 1011 187 1072 tuae
209 1007 330 1092 gratias
354 1010 418 1092 agi,
445 1009 500 1076 sed
523 1009 608 1092 apud
630 1031 750 1074 numen
772 1009 859 1072 Iouis
883 1009 997 1092 optimi
1019 1032 1084 1074 ma·

113 1093 190 1156 ximi
212 1092 347 1174 pateris:
370 1093 418 1156 illi
440 1093 554 1157 debere
576 1115 635 1158 nos
654 1093 803 1178 quicquid
824 1093 885 1157 tibi
903 1093 1083 1178 debeamus,
1097 1114 1122 1154 10

113 1178 199 1263 illius
229 1177 313 1261 quod
342 1178 423 1241 bene
450 1177 550 1242 facias
578 1179 720 1243 muneris
749 1201 817 1243 esse
846 1179 900 1263 qui
927 1181 960 1242 te
986 1179 1083 1247 dedit.

114 1265 187 1326 ante
210 1261 338 1346 quidem
359 1262 509 1347 ingentes
531 1262 710 1328 hostiarum
736 1283 852 1348 greges
875 1284 933 1346 per
955 1261 1084 1346 Capito-

114 1347 216 1411 linum
238 1348 310 1427 iter,
333 1368 451 1432 magna
473 1347 522 1411 sui
543 1351 634 1431 parte
657 1349 746 1412 uelut
772 1348 954 1431 intercepti,
977 1349 1084 1413 dever-

114 1437 181 1495 tere
204 1432 258 1495 uia
281 1431 487 1514 cogebantur,
503 1453 582 1496 ,oum
605 1433 782 1497 saeuissimi
804 1433 927 1498 domini
954 1433 1084 1497 atrocis-

115 1517 195 1580 sima
239 1517 362 1600 effigies
399 1519 490 1580 tanto
532 1517 735 1581 uictimarum
778 1538 889 1581 cruore
927 1517 1084 1582 coleretur
1098 1535 1122 1574 15

115 1604 271 1684 quantum
293 1603 362 1684 ipse
384 1600 517 1666 humani
540 1603 706 1686 sanguinis
728 1601 956 1685 profundebat.

178 1684 266 1750 LIII.
312 1686 439 1768 Omnia,
474 1688 582 1768 patres
616 1686 798 1769 conscripti,
833 1707 914 1769 quae
944 1686 983 1749 de
1012 1686 1084 1750 aliis

114 1770 314 1854 principibus
345 1792 364 1834 a
392 1793 443 1834 me
476 1773 532 1834 aut
559 1770 708 1834 dicuntur
741 1773 796 1834 aut
825 1770 910 1834 dicta
945 1772 1020 1833 sunt
1048 1791 1084 1834 eo

114 1856 280 1939 pertinent
313 1858 349 1918 ut
382 1855 549 1920 ostendam
588 1877 685 1940 quam
721 1855 820 1939 longa
855 1854 1084 1918 consuetudine

116 1943 282 2025 corruptos
311 1939 563 2024 deprauatosque
598 1961 702 2004 mores
732 1940 932 2023 principatus
968 1961 1084 2022 parens
1098 1959 1123 1998 20

115 2029 225 2090 noster
253 2024 406 2089 reformet
433 2029 465 2088 et
494 2025 644 2110 corrigat.
681 2030 710 2090 et
736 2025 880 2108 alioquin
909 2024 991 2088 nihil
1019 2045 1086 2088 non

115 2119 229 2194 parum
251 2111 343 2194 grate
366 2110 435 2173 sine
459 2111 694 2192 comparatione
720 2109 877 2174 laudatur.
920 2111 1085 2193 praeterea

115 2193 177 2260 hoc
199 2195 340 2278 primum
363 2215 439 2278 erga
461 2195 618 2278 optimum
641 2196 869 2278 imperatorem
894 2195 1021 2277 piorum
1044 2194 1086 2258 ci·

116 2280 203 2344 uium
232 2278 375 2344 officium
403 2283 460 2360 est,
489 2280 613 2362 insequi
641 2279 822 2344 dissimiles.
866 2300 969 2362 neque
1000 2279 1086 2342 enirn

116 2366 193 2429 satis
223 2364 338 2428 amarit
368 2365 468 2428 bonos
496 2365 657 2447 principes
685 2365 739 2447 qui
771 2363 874 2426 malos
908 2363 985 2426 satis
1018 2384 1085 2426 non
1098 2383 1124 2422 as

117 2449 229 2515 oderit.
282 2449 370 2513 adice
403 2448 488 2532 quod
521 2449 723 2532 imperatoris
755 2448 859 2512 nostri
896 2469 962 2511 non
999 2447 1085 2511 aliud

117 2534 253 2619 amplius
268 2555 305 2598 ac
328 2533 472 2600 diffusius
486 2534 635 2596 meritum
658 2536 706 2597 est
721 2554 817 2616 quam
837 2532 920 2617 quod
935 2531 1086 2596 insectari

116 2621 218 2684 malos
241 2619 403 2702 principes
425 2621 531 2682 tutum
554 2621 612 2682 est.
651 2639 692 2682 an
715 2618 836 2683 excidit
850 2617 953 2682 dolori
975 2618 1085 2680 nostro

117 2704 210 2768 modo
233 2703 415 2768 uindicatus
438 2702 551 2768 Nero?
587 2703 799 2786 permitteret,
833 2702 949 2785 cred0,·
967 2701 1086 2764 famam

117 2789 281 2872 uitamque
304 2789 372 2852 eius
395 2788 483 2871 carpi
506 2789 561 2871 qui
583 2791 719 2851 mortem
741 2787 954 2851 ulciscebatur
968 2807 1028 2850 nec
1050 2787 1086 2848 ut
1099 2805 1124 2845 ao

118 2872 208 2936 inse
232 2873 318 2937 dicta
345 2873 609 2956 interpretaretur
637 2893 718 2953 quae
745 2871 783 2934 de
812 2870 975 2934 simillimo
1005 2868 1087 2932 dice·

119 3063 322 3072 Ἤ...

187 3183 200 3230 1
227 3178 313 3246 ferro]
337 3181 438 3232 foroc
468 3178 478 3246 ΙΙ
509 3179 662 3231 5flammis
692 3181 879 3240 excoctaeque
898 3175 1012 3227 Keiliue:
1042 3192 1088 3226 ex·

120 3251 266 3314 coctaeque
284 3248 400 3299 flammis
417 3251 445 3297 Η
475 3246 485 3313 ΙΙ
517 3251 548 3298 10
566 3248 619 3300 tibi
641 3247 726 3299 orell
756 3243 766 3310 ΙΙ
797 3246 828 3294 12
851 3242 1039 3308 Capitolinum
1057 3259 1085 3309 ςε

121 3316 279 3381 capitolium
298 3318 325 3365 Μ
353 3313 363 3382 ΙΙ
394 3319 426 3366 13
445 3319 588 3370 deuertere
608 3329 637 3382 ςτ
662 3315 800 3365 diuertere
822 3312 849 3359 Μ
878 3309 888 3376 ll
919 3314 951 3362 16
974 3312 1089 3428 moiun}
1127 3349 1130 3356 .

120 3381 344 3504 lttlnlbtd
363 3385 410 3505 0²2.
421 3377 1088 3518 tptttttltttltt⁵tutelastt

123 3517 134 3586 ll
153 3524 184 3573 31
204 3523 453 3587 interpretarentur
469 3523 509 3588 H,
533 3535 602 3574 corr,
621 3534 646 3567 w
