2578 4000
199 153 261 216 218
523 155 557 202 x.
586 151 832 204 1111111111.

263 303 319 368 VI.
369 302 490 368 Uerum
522 305 559 366 ut
585 302 621 366 in
648 302 775 386 magnis
809 301 955 365 domibus
981 299 1167 366 interiorem

200 392 347 452 ornatum
369 386 527 451 uestibula
549 388 619 469 ipsa
638 386 815 467 declarant,
839 386 885 449 sic
906 385 999 449 nobis
1020 386 1168 450 uenturis

201 473 240 535 ad
272 472 454 556 ingentium
485 472 641 535 uirtutum
673 469 831 554 stupenda
862 469 1040 553 penetralia
1073 470 1169 534 debet

200 556 394 620 laudationis
409 557 590 640 ingressum
613 559 646 619 et
659 555 905 639 praedicationis
919 553 1050 617 ianuam
1064 553 1168 618 Roma

175 642 363 723 spraebere.
398 662 478 723 quae
501 639 644 703 demersa
665 639 825 723 quondam
846 638 1027 722 tyrannidis
1050 638 1168 721 impiae
1265 687 1266 714 3

200 725 293 789 malis
317 728 349 788 et
370 745 432 808 quo
454 725 557 788 maior
579 745 617 788 eo
636 723 849 788 miserabilior
870 723 1047 786 maiestatis
1062 723 1170 805 pristi-
1265 735 1266 738 ’

200 831 261 873 nae
277 809 372 873 decus
394 809 435 872 ad
450 809 684 872 misericordiae
707 807 861 871 ambitum
883 807 1086 871 conferebat:
1109 807 1170 871 tibi
1265 855 1266 872 2

200 903 321 976 tamen,
346 893 558 958 Constantine
579 893 729 975 maxime,
759 892 855 955 etiam
876 891 911 954 iu
933 891 989 954 illa
1011 890 1061 954 sui
1084 894 1170 955 sorte

201 977 405 1060 uenerabilis,
430 978 514 1060 quod
531 998 609 1060 quos
631 979 775 1060 impense
798 997 939 1039 amamus
963 976 1171 1040 obseruantia

164 1078 188 1118 10
201 1061 329 1124 illorum
351 1062 479 1145 integra
501 1065 564 1144 est,
594 1061 718 1124 etiamsi
740 1060 863 1143 dilapsa
884 1060 1016 1124 fortuna
1036 1063 1098 1124 est.
1135 1061 1171 1124 in

202 1145 344 1210 abiectos
372 1145 479 1209 officia
505 1145 648 1230 gratiora
675 1149 751 1209 sunt
779 1166 860 1228 quae
889 1165 955 1208 non
983 1165 1022 1207 ex
1050 1144 1171 1208 miseri-

202 1229 321 1311 cordia,'
344 1230 398 1294 sed
422 1252 461 1294 ex
482 1229 605 1294 honore
627 1232 796 1294 uenerunt.
832 1228 887 1292 sed
908 1229 1061 1292 nimirum
1083 1233 1170 1292 recte

202 1335 228 1380 a.
244 1314 441 1398 sapientibus
456 1315 588 1398 ponitur
603 1315 734 1379 conexio
757 1315 843 1377 iuter
864 1334 898 1376 se
913 1315 988 1396 apta
1003 1312 1170 1377 uirtutum.

203 1398 248 1462 sic
271 1399 357 1462 enim
378 1401 489 1462 mutuo
512 1401 544 1462 et
560 1421 689 1482 operam
710 1399 825 1462 iuuant
847 1400 880 1460 11
893 1397 1034 1460 fructum
1056 1419 1170 1481 operae

164 1499 190 1540 16
202 1483 400 1566 partiuntur,
423 1486 460 1547 ut
480 1483 574 1547 facile
597 1485 751 1566 appareat
772 1481 997 1564 inseparabilis
1019 1484 1052 1544 ct
1073 1481 1172 1546 indis·

205 1569 291 1630 creta
313 1567 490 1649 permixtio,
524 1568 654 1651 gessisti
676 1567 804 1649 bellum,
826 1567 1001 1649 imperator
1023 1566 1170 1644 maxime,

204 1651 287 1735 quod
315 1651 375 1714 tibi
407 1673 474 1716 non
506 1652 613 1716 minus
641 1651 743 1716 honos
776 1651 864 1714 urbis
892 1650 1046 1733 imposuit
1076 1672 1172 1734 quam

205 1735 346 1799 eiusdem
373 1757 525 1800 aerumna
547 1737 716 1819 persuasit.
761 1736 868 1818 itaque
889 1755 957 1797 non
978 1735 1051 1817 plus
1073 1757 1113 1798 111
1136 1755 1171 1798 eo
1265 1807 1266 1810 Ἴ

203 1818 309 1884 laudis
331 1821 511 1884 fortitudini
533 1823 607 1884 tuae
630 1821 739 1884 datum
763 1819 995 1914 quamlpietati
1015 1818 1171 1882 tributum

166 1921 191 1960 20
205 1906 254 1968 est
281 1905 381 1987 quod,
411 1906 486 1968 dum
514 1904 665 1969 scelestos
692 1923 905 1988 persequeris,
934 1903 1068 1966 miseros
1096 1903 1171 1966 libe·
1265 1981 1266 1984 Ἴ

203 1988 291 2052 rasti.
338 1989 512 2052 constituta
539 1990 625 2052 enim
654 1993 687 2052 11
707 1991 743 2053 in
765 1991 954 2072 perpetuum
976 1987 1079 2050 Roma
1100 1987 1171 2051 fun-

193 2072 280 2135 data
295 2075 353 2154 est,
371 2073 518 2136 omnibus
534 2073 588 2154 qui
603 2076 722 2137 statum
737 2074 804 2136 eius
815 2070 1007 2136 labefactare
1021 2074 1172 2155 poterant

204 2177 276 2218 cum
300 2156 398 2238 stirpe
421 2155 544 2219 deletis.

267 2237 341 2302 VII.
370 2237 445 2303 Non
461 2239 558 2322 enim,
581 2241 635 2323 qui
650 2241 806 2306 bellorum
822 2247 955 2307 euentus
972 2241 1077 2305 solent
1093 2262 1171 2322 esse,

166 2339 262 2406 asper
288 2323 394 2386 uarios
424 2327 456 2388 et
483 2325 641 2389 uolubiles
669 2347 760 2390 casus
782 2327 870 2391 Mars
898 2327 1013 2391 dubius
1042 2325 1171 2405 errauit,

203 2429 264 2471 nec
291 2408 439 2472 fortunae
468 2409 671 2492 uicissitud0‚
701 2432 781 2494 quae
802 2412 988 2495 plerumque
1010 2410 1172 2493 prosperis

203 2493 298 2556 rebus
325 2493 417 2555 triste
446 2492 566 2577 aliquid
599 2494 796 2578 adglutinat,
828 2496 988 2560 uictorum
1014 2494 1171 2558 laetitiam

204 2575 400 2659 uulnerauit3
423 2577 478 2640 sed
501 2581 591 2641 tanta
612 2578 751 2644 hostium
776 2583 897 2644 ettam
920 2579 1027 2663 ampla
1050 2579 1171 2660 caedes,

137 2683 141 2692 ’
204 2661 271 2723 tam
298 2659 375 2724 felix
404 2665 437 2724 et
460 2662 629 2726 incruenta
654 2663 719 2744 suit
743 2665 878 2729 uictoria
906 2667 942 2728 ut
968 2663 1078 2727 credas
1106 2683 1173 2726 non

167 2743 288 2808 abeno
311 2745 444 2829 ancipiti
459 2745 655 2830 dimicatum,
679 2749 734 2812 sed
756 2749 841 2812 solas
863 2749 1035 2833 impiorum
1052 2767 1172 2831 poenas

206 2833 301 2913 expet
312 2833 371 2895 tas.
412 2834 542 2895 tantum
566 2833 664 2896 etiam
687 2833 771 2897 inter
793 2855 881 2897 arma
903 2834 988 2896 bona
1010 2833 1173 2896 conscien-

273 3073 442 3138 3stupenda
460 3086 497 3121 w:
521 3073 662 3137 stipendia
679 3074 706 3120 111
735 3071 745 3138 ΙΙ
777 3077 808 3124 10
827 3073 933 3138 dilapsa
952 3072 1065 3123 fortuna
1084 3071 1174 3120 Bere..-

206 3139 319 3203 delapsa
342 3141 454 3195 fortuna
474 3140 498 3189 Δ
520 3140 632 3191 fortuna
655 3141 770 3206 delapsa
790 3143 811 3190 Β
830 3143 847 3188 (1
866 3142 888 3188 V
905 3142 939 3188 W
968 3138 978 3204 ΙΙ
1009 3141 1041 3189 14
1064 3153 1174 3203 operam

206 3208 375 3258 Arntzenius:
397 3223 481 3272 opera
498 3207 544 3270 H}
561 3209 659 3258 iuuant
676 3210 720 3258 W:
739 3210 818 3258 iuuat
834 3209 894 3258 ΑΒ
914 3208 971 3256 cv
996 3204 1007 3270 ΙΙ
1038 3208 1070 3257 17
1088 3206 1174 3255 honos

206 3287 242 3322 w:
270 3289 338 3324 onus
355 3276 383 3322 Η
412 3273 422 3340 [Ι
451 3278 484 3326 10
507 3277 679 3341 persequeris
701 3278 724 3324 A
740 3272 774 3325 B:
802 3277 1008 3340 persequereris
1030 3275 1047 3321 0
1066 3274 1089 3321 V
1107 3272 1139 3321 W
1166 3269 1174 3335 11

206 3339 446 3408 2311111111
468 3345 500 3392 25
519 3359 592 3394 mars
609 3357 648 3392 w:
666 3346 797 3393 marisii
817 3341 827 3407 ΙΙ
849 3345 881 3394 28
900 3341 981 3392 cedes
999 3354 1037 3390 w:
1057 3340 1175 3390 cedisH

206 3405 215 3473 ll
243 3409 275 3458 29
299 3409 352 3458 suit
375 3416 434 3458 ante
456 3409 577 3460 uictoria
595 3412 696 3466 addidi,
722 3419 781 3474 post
797 3413 863 3461 uict.
882 3412 954 3460 edd:
978 3425 1026 3460 om.
1046 3410 1073 3456 lt
1103 3406 1113 3472 11
1143 3410 1173 3458 31

207 3477 287 3525 tantu
305 3491 343 3527 w:
363 3481 440 3527 tanta
458 3478 480 3525 Δ
498 3483 576 3526 tanto
594 3478 614 3525 B
633 3481 650 3526 0
668 3480 691 3526 V
