2572 3990
427 210 588 262 aramue
607 209 642 259 n.
663 211 774 264 aa-ar.
1042 209 1082 273 21

115 361 202 426 nuit!
240 363 278 424 ut
299 359 395 443 plena
420 358 590 443 altaribus,
619 361 758 443 angusta
785 357 926 424 uictimis
952 362 1083 424 cuncta!

115 445 209 509 utin
232 444 326 508 unius
349 445 486 508 salutem
509 444 625 507 collata
645 443 789 507 omnium
810 445 901 507 uota!
929 465 1001 508 cum
1023 444 1084 508 sibi

115 551 150 593 se
179 549 217 592 ac
246 528 354 593 liberis
382 527 448 592 suis
471 527 698 612 intellegerent
725 527 847 610 precari
870 547 951 610 quae
972 550 1030 611 pre
1051 530 1084 592 te

113 616 334 697 precarentur.
376 613 452 677 inde
479 615 515 676 tu
541 611 578 675 in
605 611 760 696 palatium
788 611 930 695 quidem,
964 613 1018 676 sed
1048 633 1085 676 eo
1196 659 1200 664 -

114 698 223 780 uultu,
255 718 293 761 ea
319 695 553 778 moderatione,
583 696 670 760 utsi
691 696 852 779 priuatam
881 696 1009 760 domum
1031 715 1111 779 pes

115 787 216 865 teres3
262 781 360 846 ceteri
397 781 438 845 ad
468 783 603 864 penates
640 801 715 844 suos
744 779 877 864 quisque
913 781 1085 844 iteraturus

115 866 228 950 gaudii
250 866 360 948 tidem,
383 865 438 930 ubi
459 864 550 929 nulla
571 865 746 930 necessitas
768 863 931 949 gaudendi
952 868 1010 929 ert.

179 948 300 1016 XXIV.
345 949 519 1015 Onerasset
540 949 638 1014 alium
661 950 728 1014 eius
749 949 837 1013 modi
858 948 1024 1034 introitus;
1050 951 1086 1012 tu

116 1034 234 1099 cotidie
251 1033 470 1099 admirabilior
486 1038 519 1098 et
532 1034 655 1118 melior,
671 1033 745 1098 talis
757 1032 894 1117 denique
906 1034 1014 1117 quales
1029 1033 1086 1098 alii

115 1119 280 1203 principes
294 1118 419 1183 futuros
434 1139 468 1182 se
479 1121 606 1183 tantum
617 1118 819 1202 pollicentur.
841 1118 945 1182 solum
960 1139 1037 1202 ergo
1051 1121 1084 1182 te
1098 1137 1124 1176 ro
1194 1139 1198 1148 ·

116 1204 320 1268 commendat
334 1207 492 1288 augetque
507 1204 660 1285 temporis
675 1202 825 1286 spatium.
847 1203 982 1266 iunxisti
1000 1203 1086 1266 enim

115 1309 156 1352 ac
178 1287 334 1351 miscuisti
355 1309 407 1352 res
429 1288 678 1370 diuersissimas,
703 1286 908 1352 securitatem
930 1286 1007 1352 olim
1029 1287 1086 1351 im-

116 1373 263 1456 perantis
286 1375 319 1436 et
340 1371 526 1455 incipientis
546 1371 710 1455 pudorem.
733 1392 800 1435 non
822 1377 859 1437 tu
881 1371 1000 1436 ciuium
1022 1391 1088 1436 am-

116 1457 231 1540 plexus
259 1457 301 1520 ad
328 1456 425 1539 pedes
451 1459 524 1520 tuos
551 1456 702 1539 deprimis
730 1476 790 1520 nec
817 1456 961 1522 osculum
990 1477 1088 1521 manu

117 1539 242 1605 reddis:
279 1543 389 1605 manet
415 1541 601 1625 imperatori
627 1560 751 1623 quoque
778 1540 867 1623 prior
889 1541 953 1605 oris
975 1537 1085 1604 huma·
1099 1559 1125 1601 rs

117 1626 219 1688 nitas:
241 1625 412 1689 incedebas
435 1624 585 1708 pedibus3
608 1624 745 1688 incedis:
767 1624 941 1689 laetabaris
963 1625 1086 1707 labore3

117 1709 264 1776 laetaris:
287 1708 398 1774 eadem
417 1709 474 1773 illa
516 1729 576 1772 uae
598 1707 707 1773 omnia
729 1707 814 1772 circa
832 1711 865 1772 te
879 1707 961 1772 nihil
982 1709 1087 1792 ipsum

118 1796 152 1857 te
173 1792 306 1857 fortuna
327 1795 475 1858 mutauit.
496 1729 637 1856 (iiberum
660 1795 709 1856 est
729 1791 930 1876 ingrediente
952 1813 1010 1875 per
1030 1814 1088 1876 pu·

118 1877 238 1942 blicum
275 1877 399 1963 rincipe
415 1876 586 1942 subsistere
602 1897 775 1955 occurrere,
792 1876 938 1940 comitari
948 1879 1087 1961 praeter-

118 1963 181 2026 ire:
204 1899 351 2027 amirulas
372 1963 549 2045 internos,
571 1983 643 2032 non
658 1961 748 2045 quasi
769 1982 835 2028 ooo
851 1960 1032 2045 contingas,
1055 1965 1087 2025 et
1099 1981 1126 2022 ao

119 2046 247 2130 copiam
268 2047 327 2129 tui,
349 2068 414 2111 non
435 2050 473 2110 ut
494 2048 642 2130 imputes,
663 2046 754 2112 facie.
784 2043 897 2110 haeret
917 2045 1010 2110 lateri
1031 2049 1087 2110 tuo

118 2131 263 2278 puisquis
285 2132 431 2214 accessit,
452 2131 613 2214 finemque
627 2130 785 2195 sermonis
799 2151 875 2195 suus
896 2130 1009 2215 cuique
1029 2153 1087 2215 pu-

141 2236 192 2297 or,
215 2235 281 2279 non
310 2218 366 2280 tua
394 2215 544 2299 superbia
564 2215 655 2279 facit.
700 2215 843 2299 regimur
864 2215 992 2298 quidem
1015 2237 1034 2279 a
1054 2218 1088 2280 te

120 2302 154 2366 et
175 2299 312 2364 subiecti
333 2300 406 2382 tibi,
442 2299 498 2364 sed
520 2299 785 2382 quemadmodum
812 2299 939 2384 legibus
966 2321 1086 2365 eumue.

118 2404 195 2448 nam
223 2387 257 2448 et
278 2383 351 2448 illae
379 2384 569 2467 cupiditates
596 2388 721 2448 nostras
743 2382 955 2467 libidinesque
982 2384 1087 2448 mode·
1100 2401 1127 2442 aa

118 2473 248 2552 rantur,
284 2468 452 2533 nobiscum
484 2471 596 2533 tamen
632 2473 666 2532 at
696 2468 782 2532 inter
813 2489 873 2532 nos
906 2471 1087 2533 uersentur.

119 2552 260 2634 emines,
282 2553 424 2631 excellis,
447 2556 484 2616 ut
503 2550 623 2635 honor,
647 2555 684 2616 ut
703 2555 863 2637 potestas,
888 2573 970 2636 quae
992 2574 1089 2636 super

118 2635 266 2700 homines
298 2636 442 2720 quidem,
476 2636 642 2702 homiuum
675 2640 751 2702 sunt
782 2641 901 2703 tamen.
946 2639 1023 2701 ante
1055 2640 1088 2701 te

118 2721 282 2804 principes
297 2721 428 2786 fastidio
450 2723 554 2786 nostri
577 2725 609 2786 et·
623 2722 759 2806 quodam
781 2722 983 2806 aequalitatis
1000 2725 1087 2785 metu

118 2825 213 2869 usum
235 2804 352 2888 pedum
374 2806 557 2870 amiserant.
600 2805 673 2870 illos
700 2827 777 2889 ergo
805 2805 906 2870 umeri
934 2806 1128 2870 ceruices-'⁸⁰

119 2909 181 2972 que
204 2910 369 2954 seruorum
391 2911 486 2975 super
508 2911 564 2954 ora
586 2893 710 2970 nostra,
733 2893 766 2953 te
788 2889 892 2972 tama,
919 2892 950 2953 te
973 2888 1086 2971 gloria,

118 2977 151 3036 te
173 2973 293 3037 ciuium
314 2975 433 3058 pietas,
456 2977 490 3038 te
511 2973 643 3037 libertas
666 2994 762 3056 super
782 2973 904 3055 priores
925 2972 1089 3056 principes

119 3111 323 3121 -—--·--.—

187 3197 203 3244 2
221 3194 312 3245 salute
329 3196 358 3243 1
377 3193 387 3260 ΙΙ
409 3191 501 3262 tubi]
521 3195 572 3245 tibi
588 3196 609 3244 B
628 3196 650 3246 V
669 3192 680 3260 i
703 3196 733 3245 15
758 3209 865 3261 quoque
882 3197 989 3256 scrinei:
1016 3211 1087 3261 quac

118 3265 160 3312 uel
182 3277 236 3326 quc
257 3263 285 3310 lt
305 3259 316 3326 ΙΙ
338 3265 369 3313 17
397 3263 493 3313 eadem
515 3262 567 3312 illa
589 3278 660 3327 quae
685 3262 777 3313 omnia
797 3265 906 3328 scripsi:
936 3262 1087 3328 eadamque

119 3329 167 3378 illa
186 3330 280 3378 omnia
296 3330 318 3378 B
335 3331 357 3378 V
374 3331 408 3379 W
426 3331 574 3395 eademque
592 3332 684 3381 omnia
702 3330 751 3381 illa
768 3332 786 3380 0
809 3328 813 3392 Ι
833 3330 923 3395 ipsum
940 3331 1087 3381 Liuineius.-

118 3395 180 3459 ipao
197 3396 225 3444 Π
243 3398 274 3447 in
291 3398 353 3462 ipso
370 3398 476 3460 Lipsiae
492 3395 503 3463 ΙΙ
521 3400 553 3448 19
571 3397 694 3463 principa
711 3413 757 3448 om.
771 3398 804 3446 W
821 3395 832 3464 ΙΙ
849 3400 882 3448 20
898 3413 955 3448 non
971 3399 1063 3448 addidi
1078 3395 1087 3463 ll

119 3464 152 3512 22
171 3463 348 3526 amanili,
366 3465 495 3530 correxit
511 3467 544 3515 28
563 3470 593 3515 at
612 3470 677 3515 ante
694 3470 725 3515 ta
742 3466 880 3532 principes
899 3465 989 3517 nestri
1006 3463 1091 3515 farti-

120 3527 166 3580 dio
183 3543 209 3579 w
221 3527 232 3596 fl
244 3533 277 3582 32
294 3534 402 3598 priores
418 3534 526 3597 scripsi:
543 3533 618 3597 ipsos
634 3532 663 3580 Ι
680 3547 774 3584 omnes
791 3547 817 3600 ς.
