2578 4000
175 183 238 248 206
499 185 546 235 rx.
576 184 823 238 1111111111.

176 334 309 416 exclusi,
343 335 483 418 exceptis
511 334 672 398 latrocinii
700 333 786 398 illius
814 335 927 418 primis
960 338 1143 402 auctoribus

175 419 230 502 qui
251 418 419 502 desperate
440 419 535 484 uenia
554 419 658 484 locum
681 439 775 501 quem
789 441 917 504 pugnae
940 426 1145 505 sumpserant

174 507 282 567 texere
311 503 512 587 corporibus,
547 503 644 568 ceteri
672 524 783 567 omncs
812 505 848 568 in
874 504 1007 570 fluuium
1036 506 1143 570 abiere

173 587 381 671 praecipites,
414 591 450 652 ut
472 588 603 652 andem
631 587 758 671 aliquod
786 587 891 652 caedis
920 591 1143 675 compendium

146 693 161 740 s
174 671 268 737 fessis
290 675 418 741 tuorum
441 672 578 736 dexteris
602 672 754 736 eueniret.
787 694 858 737 oum
880 675 995 757 impios
1018 675 1143 741 Tiberis

173 757 343 839 hausisset,
365 757 471 840 ipsum
494 757 590 822 etiam
611 757 702 820 illurn
726 778 798 821 cum
821 780 900 843 equo
924 763 955 822 et
977 761 1074 824 armis
1096 761 1143 824 in·

175 843 321 926 signibus
335 842 456 906 frustra
479 845 629 906 conatum
643 863 700 924 per
715 841 853 926 abrupta
874 845 962 927 ripae
982 845 1143 910 ulterioris

175 926 307 990 euadere
334 926 419 990 idem
446 925 569 991 Tiberis
599 930 779 1010 correptum
807 927 936 1014 gurgite
964 929 1142 1012 deuorauit,

174 1031 214 1073 ne
235 1013 301 1073 tarn
323 1011 464 1075 deforme
486 1011 669 1095 prodigium
696 1011 748 1074 uel
769 1010 855 1076 hanc
881 1013 987 1076 obitus
1016 1015 1065 1078 sui
1093 1036 1142 1078 re·

137 1094 333 1177 relinqueret
364 1095 487 1162 famam
522 1096 607 1179 quod
640 1095 774 1160 alicuius
810 1097 872 1161 uiri
903 1097 997 1161 fortis
1033 1099 1141 1183 gladio

173 1178 279 1242 teloue
308 1178 482 1244 cecidisset.
529 1183 562 1243 et
589 1179 722 1244 aliorum
749 1181 877 1262 quidem
905 1182 1047 1246 hostiurn
1076 1204 1142 1248 cor-

172 1283 254 1345 pora
269 1267 302 1328 et
316 1285 404 1328 arma
419 1285 571 1350 praeceps
586 1264 701 1329 fluuius
717 1263 876 1330 uoluendo
891 1267 1029 1350 deuexit,
1051 1267 1142 1332 illum

173 1350 279 1412 autem
302 1349 413 1413 eodem
436 1371 498 1432 quo
520 1349 702 1413 extinxerat
723 1350 792 1413 loco
807 1351 921 1434 tenuit,
944 1373 986 1415 ne
1010 1352 1065 1415 diu
1084 1375 1139 1436 po·

172 1432 267 1578 pulus
289 1432 453 1498 Romanus
481 1433 657 1516 dubitaret,
687 1434 714 1497 si
741 1437 909 1517 putaretur
937 1436 1043 1520 aliquo
1069 1459 1141 1520 pro-

135 1534 159 1575 11
188 1517 295 1601 ugisse
319 1520 409 1581 ouius
430 1519 542 1582 mortis
565 1519 710 1601 probatio
733 1523 947 1602 quaereretur.
1018 1529 1022 1538 '

236 1599 358 1666 XVIII.
404 1601 520 1667 Sancte
542 1602 676 1687 Thybri,
700 1603 860 1686 quondam
881 1604 1016 1687 hospitis
1039 1607 1141 1670 moni-

173 1693 225 1748 tor
252 1686 396 1767 Aeneae,
430 1708 504 1751 mox
531 1687 661 1753 Romuli
689 1691 896 1752 conseruator
923 1690 1075 1774 expositi,
1106 1693 1141 1754 tu

171 1791 231 1833 nec
245 1770 362 1834 falsum
376 1770 548 1836 Romulum
568 1773 622 1837 diu
639 1773 748 1836 uiuere
770 1794 829 1836 nec
844 1773 1037 1856 parricidam
1053 1775 1140 1838 urbis

135 1959 159 1998 20
172 1875 340 2003 sitta?
364 1859 578 2005 {thiat}
599 1856 1140 2008 iiiiii?aimaililriipihilb

173 1990 379 2088 Constantini
401 2026 554 2089 uictoriae
574 2027 734 2109 particeps
763 2048 832 2090 esse
854 1992 999 2110 uoluisti,
1027 2031 1065 2090 ut
1085 2028 1139 2092 ille

171 2105 295 2171 hostem
323 2108 358 2170 in
383 2111 415 2171 te
436 2108 643 2190 propelleret,
671 2113 707 2173 tu
733 2132 876 2176 necares.
920 2133 1026 2195 neque
1054 2113 1138 2176 enirn

172 2211 297 2273 semper
329 2212 362 2253 es
392 2192 522 2275 rapidus
555 2195 587 2256 et
614 2196 755 2273 torrens,
790 2196 845 2259 sed
871 2217 930 2279 pro
958 2199 1139 2280 temporum

170 2274 293 2338 ratione
326 2275 518 2342 moderatus.
564 2281 600 2342 tu
633 2279 757 2362 quietus
775 2270 779 2279 ’
794 2285 951 2344 armatum
984 2281 1139 2346 Coclitem

134 2378 158 2418 aa
171 2360 336 2442 reuexisti,
358 2360 420 2426 tibi
443 2385 476 2427 se
498 2362 623 2447 placido
647 2361 768 2428 Cloelia
789 2366 883 2448 uirgo
907 2365 1082 2430 commisit:
1105 2376 1139 2430 at

170 2465 257 2508 nunc
279 2445 439 2510 uiolentus
466 2451 498 2511 et
518 2446 665 2512 turbidus
688 2447 815 2512 hostem
836 2449 1050 2532 reipublicae
1073 2472 1138 2514 sor·

170 2528 269 2592 buisti
291 2532 337 2611 et,
366 2552 407 2594 ne
429 2534 521 2595 tuum
547 2532 663 2596 lateret
684 2533 887 2617 obsequium,
917 2539 1061 2598 eructato
1087 2556 1138 2599 cs·

171 2612 286 2684 dauers
301 2613 481 2698 prodidisti.
511 2620 637 2700 reperto
657 2617 756 2702 igitur
779 2621 811 2681 et
824 2619 982 2682 trucidato
1006 2641 1137 2703 corpore

170 2698 337 2764 uniuersus
362 2699 397 2764 in
419 2701 537 2786 gaudia
564 2705 596 2766 et
617 2702 794 2766 uindictam
815 2703 952 2787 populus
974 2702 1137 2769 Romanus

132 2803 157 2842 1ο
170 2785 302 2864 exarsit,
333 2808 394 2850 nec
416 2787 553 2851 desitum
574 2789 644 2851 tota
665 2788 758 2869 urbe,
789 2787 1023 2870 quasuffixum
1045 2787 1137 2852 hasta

168 2867 340 2952 ferebatur,
364 2874 461 2955 caput
475 2870 554 2936 illud
593 2871 731 2936 iaculare
746 2871 879 2955 foedari,
902 2874 1136 2952 summissim,

169 2955 205 3014 ut
226 2957 301 3018 sunt
322 2955 386 3020 ioci
405 2893 626 3039 triumphales,
650 2957 807 3020 rideretur
828 2957 987 3041 gestantis
1009 2957 1135 3036 iniuria,

170 3057 240 3100 curn
262 3039 359 3103 alieni
381 3041 496 3123 capitis
518 3041 633 3105 merita
654 3045 826 3126 pateretur.

236 3241 355 3309 5dext.]
377 3247 476 3296 texeris
493 3247 526 3296 W
556 3244 566 3311 ss
595 3247 725 3296 Stiberis
743 3248 763 3296 B
782 3248 893 3296 cvw:
912 3247 1054 3298 tiberioris
1072 3249 1094 3294 Δ
1122 3244 1134 3312 ΙΙ

168 3311 183 3358 9
207 3309 308 3362 oblitus
330 3312 426 3361 ΒΗ
457 3311 466 3378 ΙΙ
498 3316 528 3363 16
555 3314 661 3377 Thybri
682 3315 717 3364 A:
748 3315 834 3380 Tybri
858 3315 931 3366 Bert.
959 3314 1083 3376 Thyberi
1103 3315 1136 3362 W

168 3377 269 3440 Tybris
288 3379 308 3427 B
330 3380 421 3430 Tibris
440 3381 496 3430 cv
526 3379 536 3445 ΙΙ
565 3383 598 3430 22
620 3397 787 3433 necaresw:
811 3397 925 3448 negares
942 3385 970 3432 Η
1000 3380 1009 3447 ΙΙ
1039 3385 1073 3433 26
1094 3378 1133 3447 st]

168 3447 257 3560 aptW
290 3444 300 3511 ΙΙ
334 3451 367 3498 30
392 3447 484 3498 desitd
508 3449 652 3500 Puteanus:
681 3451 754 3501 desit
777 3467 794 3500 a
814 3453 837 3498 A
860 3451 954 3503 desios
971 3451 992 3499 B
1011 3453 1028 3498 0
1046 3451 1069 3496 V
1091 3450 1135 3500 de·

167 3527 201 3560 su
233 3529 249 3561 a
267 3527 291 3560 w

1202 3753 1247 3958 1
