2578 4000
200 199 262 262 190
399 199 474 250 VIII.
503 199 654 250 INCEltTl
674 197 851 250 GRATIAu:
861 197 970 264 acrio

124 351 130 360 '
220 349 274 413 uia
296 348 402 412 uicino
424 351 568 431 tempore
590 348 708 412 fertur:
734 346 928 411 exonerandi
950 349 1176 433 praesumptio

198 369 254 497 iat
275 433 466 516 patientiam
488 432 678 498 sustinendi.
727 435 812 497 certe
834 434 866 495 et
888 451 974 496 nunc
996 432 1091 497 liberi
1114 456 1174 518 pa-

197 521 304 582 rentes
327 539 400 581 suos
430 518 567 582 cariores
589 516 710 582 habent
738 520 771 582 et
792 517 901 580 mariti
922 517 1077 602 coniuges
1102 540 1172 582 nou

239 606 332 666 auate
354 605 487 666 tuentur
508 605 540 666 et
561 605 712 685 parentes
735 602 914 666 adultorum
937 623 1003 664 non
1026 603 1173 685 poenitet

173 623 354 770 ciliorum,
384 707 519 770 quorum
542 707 640 750 onera
667 687 729 750 sibi
751 687 884 750 remissa
905 686 1080 750 laetantur.
1125 689 1172 752 ita

198 774 340 836 omnium
362 773 465 856 pietas
487 771 565 835 olim
587 771 673 835 fessa
695 771 834 855 respirat
859 773 892 835 et
913 791 987 834 suos
1010 793 1171 856 quemque

198 858 286 921 iuuat
313 878 483 921 numerare
511 877 671 938 securum,
702 855 904 940 cumplures
931 855 1090 920 adiuuant
1117 857 1172 922 ot

198 941 309 1024 sequia
336 962 521 1023 paucorum.
567 961 629 1025 quo
662 940 765 1026 magis
799 961 856 1024 spe
886 939 986 1003 futuri
1013 942 1171 1026 temporis

198 1026 368 1091 eleuamur.
406 1028 569 1088 recreatur
591 1025 716 1089 animus
740 1026 910 1090 securitate
932 1025 1102 1108 praeteriti
1123 1047 1170 1089 re

159 1131 184 1170 ιο
199 1110 367 1193 missisque
393 1110 525 1192 reliquis
553 1109 637 1173 nihil
664 1113 713 1174 est
745 1109 831 1192 quod
857 1110 1105 1192 respectandum
1132 1111 1170 1174 ti·

198 1194 411 1278 mendumque
438 1194 495 1276 sit,
525 1193 610 1279 quod
638 1194 756 1279 aliquid
778 1194 896 1258 uirium
923 1194 1070 1260 uenturis
1092 1216 1171 1278 pen·

199 1279 405 1344 citationibus
427 1284 535 1364 neget.
563 1279 609 1342 ita
628 1278 762 1343 duorum
776 1282 965 1362 temporum,
989 1299 1071 1363 quae
1094 1283 1170 1344 sunt

198 1365 351 1443 maxima,
384 1364 530 1429 molestia
557 1364 685 1429 liberati
714 1385 841 1428 sumus:
883 1385 984 1427 unum
1013 1367 1110 1448 atque
1137 1365 1169 1428 id

197 1449 366 1514 minimum
387 1449 478 1513 breui
500 1448 609 1513 labore
630 1449 852 1534 transigimus.
884 1469 961 1511 nam
983 1469 1056 1512 oum
1078 1469 1170 1533 prae-

160 1553 185 1594 rs
198 1533 329 1596 teritum
345 1537 470 1617 tempus
485 1555 544 1618 pro
560 1533 653 1598 modo
669 1555 727 1598 suo
738 1533 880 1618 longum,
902 1532 1047 1596 futurum
1062 1537 1169 1598 autem

197 1617 359 1682 infinitum
383 1621 440 1702 sit,
464 1639 616 1702 praesens
641 1619 789 1704 [tempus]
813 1619 910 1683 breue
933 1621 966 1682 et
987 1639 1115 1701 semper
1135 1619 1168 1682 iu

198 1706 323 1785 partem
345 1708 513 1787 utramque
535 1703 702 1785 mutabile,
729 1725 801 1768 cum
824 1707 856 1766 et
877 1703 1053 1786 praeterito
1074 1703 1169 1768 relin-

199 1791 314 1870 quatur
337 1792 369 1852 et
381 1791 528 1853 transeat
546 1789 754 1852 infuturum:
777 1807 860 1850 unus
875 1787 927 1851 hic
951 1807 1055 1851 annus
1070 1807 1168 1872 prope

199 1893 328 1937 sensum
349 1873 530 1937 nonhabet
544 1872 743 1937 difficultatis
766 1873 898 1938 duorum
918 1875 1101 1956 temporum
1123 1873 1168 1936 in·

161 1978 185 2018 ao
200 1956 374 2042 dulgentiis
390 1961 552 2022 coartatus
575 1962 607 2021 et
622 1958 714 2041 quasi
728 1957 885 2021 terminus
900 1955 1031 2039 quidam
1045 1957 1168 2040 positus

198 2041 348 2106 felicitati
369 2043 404 2106 iu
418 2045 588 2124 utrumque
610 2042 739 2124 confini,
762 2063 843 2125 quae
864 2052 924 2104 nos
947 2045 980 2105 et
995 2043 1168 2125 praeterito

199 2124 315 2188 liberos
338 2126 418 2189 facit
440 2127 473 2188 et
494 2126 529 2188 in
550 2125 657 2188 futuro
680 2145 820 2190 securos,

284 2208 375 2272 XIII.
403 2207 550 2357 Quinrpue
572 2231 729 2274 annorum
751 2211 847 2275 nobis
861 2211 983 2294 reliqua
1002 2211 1167 2274 remisisti!

121 2319 126 2326 ·
200 2291 378 2357 olustrum
406 2294 493 2357 omni
515 2316 552 2359 us
575 2294 683 2358 lustris
706 2295 846 2359 felicius!
884 2317 903 2359 o
925 2296 1061 2360 lustrum
1085 2295 1168 2379 quod

161 2377 315 2441 emerito
330 2377 414 2442 hanc
429 2378 555 2463 imperii
570 2379 617 2442 tui
639 2401 675 2444 ae
699 2381 788 2444 uauit
804 2382 958 2444 aetatem!
981 2380 1075 2444 uobis
1092 2400 1168 2464 ergo

198 2463 367 2546 praecipue
401 2466 434 2526 te
466 2464 645 2546 principem
677 2401 715 2527 ti
746 2465 933 2529 munificum
970 2468 1168 2546 creauerunt,

200 2547 314 2628 quibus
343 2547 479 2630 singulis
507 2548 585 2613 haec
613 2551 662 2612 est
689 2551 766 2614 nata
793 2549 946 2632 felicitas,
979 2570 1017 2612 ex
1042 2570 1107 2632 quo
1133 2553 1168 2612 tu

199 2630 357 2715 imperare
380 2633 524 2716 coepisti.
550 2631 809 2717 ¹quinquennalia
830 2636 886 2698 tua
907 2634 1010 2713 nobie,
1034 2633 1168 2698 setiam

270 2909 283 2956 1
307 2908 398 2959 uicino
416 2911 538 2972 tempore
558 2908 645 2958 fertur
669 2905 853 2971 (uelleretur)
876 2909 972 2972 scripsi
988 2911 1003 2961 ἱ,
1022 2909 1039 2956 l.
1056 2924 1084 2971 p.
1104 2910 1168 2956 221:

198 2975 289 3026 uicino
308 2991 386 3026 nemo
405 2975 561 3040 praefertur
578 2975 653 3028 Bert.
672 2976 766 3026 uicino
783 2975 920 3040 perfertur
938 2977 965 3023 H
994 2971 1004 3038 ss
1035 2975 1051 3024 5
1069 2969 1167 3040 onera]

198 3042 282 3091 huera
299 3044 331 3095 Δ.
359 3060 393 3094 an
414 3045 544 3093 munera?
568 3040 578 3108 ΙΙ
603 3045 636 3093 10
654 3042 726 3108 quod
744 3042 923 3108 spectandum
941 3044 975 3090 W
998 3039 1009 3106 ΙΙ
1033 3044 1066 3091 12
1084 3046 1169 3107 neget

198 3111 345 3160 Liuineius:
368 3115 451 3162 necet
467 3111 495 3158 1
524 3108 534 3176 u
565 3112 596 3160 16
617 3115 725 3175 tempus
742 3113 833 3160 seclus.
852 3112 983 3161 Liuineius
1006 3111 1010 3170 Ι
1034 3109 1063 3158 in
1081 3109 1170 3160 onas

201 3174 214 3240 Η
246 3178 277 3226 17
297 3181 325 3226 et
343 3194 359 3228 a
377 3180 527 3244 praeterito
545 3180 603 3228 edd.
633 3176 643 3243 ΙΙ
675 3180 706 3229 19
728 3177 901 3229 difficultatis
919 3180 993 3228 edd:
1016 3175 1168 3227 difficultas

199 3244 226 3291 Π
255 3240 265 3306 ΙΙ
295 3247 328 3296 20
350 3250 492 3297 coartatur
509 3248 542 3294 W
571 3244 581 3310 ΙΙ
610 3249 642 3296 21
666 3247 696 3295 in
719 3249 863 3310 utrumque
887 3245 990 3298 confini
1006 3247 1117 3310 empti:
1141 3248 1168 3294 et

198 3314 342 3374 utrumque
359 3313 469 3364 confinii
486 3317 514 3362 H
538 3314 543 3378 Ι
556 3314 658 3394 post
687 3310 759 3394 [26
778 3313 932 3364 munificum
950 3315 1058 3377 scripsi:
1081 3312 1168 3362 numi-

199 3409 263 3443 num
275 3394 357 3458 Besa,
376 3379 441 3447 nrifn
459 3397 510 3462 (uel
527 3401 595 3448 nuiu
612 3400 653 3448 uel
669 3395 747 3460 nuui)
765 3397 789 3447 A
806 3413 852 3450 om.
866 3399 888 3448 B
902 3393 930 3448 'in
942 3401 993 3448 tue.
1006 3401 1031 3462 6,
1046 3397 1108 3447 Vin
1119 3399 1167 3446 lae.

200 3463 290 3525 etita,
311 3465 338 3527 0,
362 3466 450 3514 nostri
467 3477 492 3514 w
509 3465 677 3515 immortales
695 3466 827 3515 Liuineius
848 3463 858 3530 ΙΙ
879 3467 911 3516 27
930 3464 1078 3532 singularis
1096 3465 1168 3514 baec

199 3529 334 3580 Acidaliae
357 3528 367 3595 ΙΙ
391 3533 423 3582 28
442 3538 485 3582 set
502 3535 558 3582 iam
575 3533 681 3596 scripsi:
701 3533 784 3582 etiam
801 3534 828 3581 Π
