2572 3990
211 217 232 282 8
536 221 559 271 1.
589 217 620 272 0.
638 218 755 271 PLINII
772 217 856 274 PAN.

212 369 358 450 sumpsit.
391 367 499 452 itaque
520 389 586 432 non
608 371 677 431 tum
699 367 733 431 in
755 367 900 432 eubiculo
920 368 974 432 sed
996 369 1031 433 in
1046 371 1184 454 templo„

212 473 273 516 neo
301 455 375 516 ante
402 453 563 537 genialem
591 455 698 516 torum
726 451 782 516 sed
810 455 886 517 ante
912 453 1064 537 puluinar
1090 454 1184 519 Iouis·

213 536 327 620 optimi
348 536 480 600 maximi
503 537 632 619 adoptio
654 539 785 619 peraeta
806 540 864 619 est,
889 558 952 620 qua
967 538 1095 602 tandem
1110 560 1178 603 nou

213 621 350 685 seruitus
371 625 482 685 nostra
504 619 559 684 sed
574 621 705 684 libertas
727 624 760 685 et
781 621 867 684 salus
890 625 923 685 et
937 623 1089 686 securitas
1104 623 1183 686 fun·

186 705 356 770 edebatur.
401 705 463 769 sibi
485 705 572 768 enim
593 705 729 790 gloriam
751 704 839 769 illam
861 705 894 768 di
915 706 1176 770 uindicauerunt:

212 788 326 853 horum
349 811 429 872 opus
451 789 539 871 illud,
567 788 682 872 horum
702 790 883 872 imperium,
916 788 1024 855 Nerua
1051 793 1179 856 tuntum

212 874 359 938 minister
391 873 454 937 fuit
486 873 691 956 adiutorque:
734 875 789 957 qui
817 894 888 939 oum
915 874 1084 957 adoptaret
1110 878 1179 939 tam

235 958 318 1022 aruit
350 979 445 1041 quum
476 962 513 1022 tu
546 959 601 1042 qui
635 957 848 1042 adoptabarir.
899 959 1006 1023 adlata
1038 962 1107 1023 erat
1140 981 1178 1023 ex

211 979 381 1106 Pannonia
402 1042 521 1125 laurea,
534 1041 578 1106 ·id
593 1044 765 1127 agentibus
780 1043 829 1107 dis
850 1045 887 1106 ut
908 1042 1022 1107 inuicti
1044 1044 1179 1126 impera·
1274 1043 1275 1088 ἕ

174 1154 199 1192 ιο
211 1127 291 1190 toris
324 1127 487 1191 exordium
520 1127 674 1191 uictoriae
708 1127 836 1212 insigne
870 1127 1043 1192 decoraret.
1093 1127 1180 1192 hana
1274 1149 1275 1208 fl

212 1211 386 1295 imperator
418 1211 527 1276 Nerua
560 1212 595 1275 in
623 1212 746 1297 gremio
768 1211 856 1276 Iouis
885 1211 1076 1294 collocarat,
1106 1233 1178 1276 eum

212 1302 345 1378 repente
367 1296 463 1360 solito
478 1297 581 1360 maior
601 1299 634 1360 et
656 1318 697 1360 au
744 1296 835 1378 stior,
858 1296 1015 1360 aduocata
1030 1297 1183 1361 contione

212 1381 381 1444 hominum
404 1381 607 1464 deorumque,
630 1385 663 1445 ta
684 1381 787 1445 fiium
809 1380 879 1463 sibi,
901 1379 963 1445 hoo
978 1383 1027 1444 est
1047 1381 1179 1445 unicum

130 1545 131 1548 Ι
213 1464 368 1528 auxilium
388 1465 482 1529 fessis
504 1467 599 1530 rebus
621 1465 810 1549 adsumpsit.
844 1464 919 1530 inde
934 1464 1026 1548 quasi
1041 1465 1178 1549 depositi
1275 1509 1276 1528 Ι

122 1641 124 1646 -
175 1549 617 1698 wirimundum
639 1571 702 1698 {¹13³
724 1549 1179 1698 intentantur

212 1717 297 1800 quod
318 1718 480 1783 difficilius
501 1656 564 1783 hldo
579 1722 649 1803 est),
671 1656 738 1782 nod
761 1740 851 1782 secus
874 1739 913 1781 ae
934 1655 1097 1802 grassanti
1118 1717 1180 1783 tibi
1276 1777 1277 1788 Ι

211 1803 352 1885 innixus,
382 1804 447 1867 tuis
474 1803 591 1868 umeris
614 1825 648 1867 se
675 1803 876 1886 patriamque
898 1805 1094 1885 sustentans,
1122 1805 1183 1866 tua

212 1887 353 1965 iuuenta,
376 1890 432 1951 tuo
455 1888 570 1951 robore
591 1885 738 1950 inuoluit.
775 1887 883 1950 statim
907 1886 1052 1951 oonsedit
1073 1887 1178 1950 omnis

171 1996 197 2035 ao
213 1971 378 2034 tumultus.
413 1992 482 2034 non
510 1971 690 2054 adoptionis
718 1991 798 2054 opus
825 1971 922 2054 istud,
953 1971 1008 2035 sed
1035 1970 1178 2056 adoptati

210 2054 289 2136 fuit3
312 2059 408 2138 atque
430 2055 509 2118 adeo
530 2059 651 2119 temere
672 2055 793 2119 fecerat
806 2053 927 2138 Nerua,
952 2056 979 2119 si
994 2055 1180 2137 adoptasset
1277 2109 1278 2148 Ι

212 2139 321 2202 alium.
359 2137 493 2202 oblitine
524 2160 634 2214 sumus
667 2142 703 2203 ut
728 2160 831 2223 nuper
863 2143 937 2224 post
973 2139 1179 2222 adoptionem
1277 2155 1278 2172 ³

210 2243 279 2286 non
315 2222 446 2286 desierit
486 2222 611 2307 seditio,
648 2224 704 2287 sed
736 2224 901 2308 eoeperit?
935 2223 1178 2288 inritamentum

211 2306 298 2370 istud
328 2306 449 2371 irarum
486 2310 519 2371 et
551 2309 606 2372 fax
643 2308 798 2372 tumultus
834 2308 963 2391 fuisset,
1001 2309 1065 2371 nisi
1097 2307 1185 2373 inei--

173 2415 199 2455 aa
211 2391 310 2454 disset
332 2391 366 2454 in
387 2395 430 2455 te.
475 2414 518 2456 an
545 2393 676 2456 dubium
702 2395 765 2474 est,
795 2395 831 2456 ut
853 2393 928 2456 dare
950 2394 1059 2475 posset
1079 2393 1177 2476 impe-

211 2476 303 2539 rium·
320 2475 494 2559 imperator
521 2478 575 2559 qui
602 2478 816 2542 reuerentiam
844 2477 1009 2558 amiserat,
1042 2477 1182 2541 auctori-¹

210 2564 277 2623 tate
305 2561 373 2622 eius
400 2560 549 2624 effectum
577 2562 628 2625 oui
650 2561 809 2625 dabatur?
836 2561 931 2624 simul
958 2561 1054 2642 filins,
1083 2560 1185 2626 simul.

278 2802 368 2849 ltum
389 2815 450 2864 epo:
469 2802 498 2849 tu
517 2801 551 2858 Π,
570 2802 652 2850 enak
670 2798 797 2865 tuiwss2
817 2804 908 2849 antem
928 2815 990 2864 geu.
1007 2797 1139 2864 {pulaine
1155 2802 1181 2848 Β

211 2865 224 2930 ΙΙ
248 2871 265 2917 4
284 2867 333 2918 sed
352 2867 428 2917 salus
448 2871 477 2917 at
494 2868 611 2918 libertas
628 2870 652 2916 Β
677 2867 682 2932 Ι
709 2867 874 2918 fundebatur
891 2867 925 2913 W
948 2866 958 2930 ΙΙ
982 2867 1119 2917 ouindio.
1139 2867 1178 2915 dii

209 2935 326 2998 gloriam
344 2936 419 2986 illam
438 2932 477 2999 (ΙΙΙ
494 2937 510 2984 6
528 2950 597 3000 opus
615 2935 678 2985 illut
695 2936 790 2986 horum
809 2936 843 2983 a:
862 2949 931 2998 opus
949 2933 1044 2985 horum
1062 2933 1132 2984 illud
1150 2936 1184 3002 ΒίΙ

211 2999 215 3066 Ι
244 3006 337 3053 tamen
355 3003 419 3052 min.
437 3003 457 3052 Β
477 3005 494 3051 0
518 3000 528 3067 ΙΙ
552 3005 567 3053 1
591 3004 646 3052 fuit
663 3003 788 3054 minister
805 3004 828 3051 Β
854 3007 858 3056 i
886 3001 1050 3065 adiutorque
1067 3003 1181 3066 scripsi:
1276 3009 1278 3022 ¹

209 3074 325 3134 uterque
345 3072 362 3118 0
384 3071 494 3134 utrique
511 3071 532 3118 Β
550 3070 572 3118 V
593 3075 678 3134 utque
696 3071 729 3118 W
745 3075 777 3119 ut
794 3071 817 3118 Β
846 3065 856 3134 ΙΙ
886 3070 934 3132 qui
951 3083 1011 3119 oum
1030 3068 1177 3134 adoptaret

208 3137 317 3200 scripsi:
340 3138 387 3200 qui
406 3137 555 3202 adoptaret
572 3140 596 3186 Β
612 3140 640 3184 Β
662 3136 668 3201 Ι
694 3139 789 3201 utique
809 3139 856 3199 qui
873 3135 1023 3200 adoptaret
1043 3137 1178 3186 Emeritos

209 3203 357 3267 adoptarat
374 3203 533 3254 Schwarziue
551 3209 580 3252 et
598 3205 645 3268 qui
662 3203 814 3268 adoptabat
830 3203 932 3253 Kailios
953 3200 964 3268 Ι
985 3206 1018 3253 10
1037 3203 1177 3253 exordium

208 3272 243 3318 Βε
263 3273 388 3320 exortum
405 3273 457 3334 111
482 3271 644 3321 decorarent
660 3271 681 3318 Β
699 3272 722 3319 V
745 3269 749 3334 Ι
774 3270 846 3321 hane
865 3286 911 3321 om.
929 3273 953 3319 Β
975 3268 985 3335 ΙΙ
1010 3273 1041 3320 11
1059 3270 1180 3321 colleoa-

209 3342 252 3386 ret
269 3339 293 3385 Β
304 3335 314 3403 ΙΙ
327 3338 359 3387 12
377 3339 488 3389 solitum
505 3339 592 3387 maior
610 3340 808 3403 augustiorque
826 3340 849 3387 Β
868 3336 872 3402 Ι
891 3339 1019 3388 contione
1038 3337 1176 3388 hominum

208 3407 244 3453 Βι
265 3405 403 3456 hominum
423 3407 554 3456 oonoione
574 3402 834 3469 (eono.om.W)1
857 3403 867 3470 ΙΙ
892 3407 924 3455 14
946 3405 1035 3455 sesses
1053 3407 1077 3453 Β
1100 3404 1104 3469 Ι
1130 3405 1180 3454 de-

207 3473 299 3537 posito
316 3473 431 3538 imperio
450 3471 489 3537 ςΙΙ
503 3475 533 3522 17
553 3469 599 3536 uo]
619 3473 652 3522 ad
671 3471 717 3537 ΒΙ
734 3475 767 3524 20
785 3473 832 3522 sed
853 3472 978 3536 adoptati
997 3472 1050 3522 fuit
1068 3475 1103 3521 R:
1122 3473 1181 3523 fuit

208 3539 257 3590 aed
275 3539 402 3605 adoptati
419 3540 447 3587 Β
464 3536 474 3602 ΙΙ
491 3541 524 3590 25
541 3543 571 3588 ut
590 3555 620 3589 ὀ·
639 3557 673 3591 ne
692 3540 757 3591 dare
775 3540 830 3589 BV
848 3544 879 3589 ut
898 3541 962 3590 dare
981 3555 1035 3589 nou
1054 3554 1079 3606 ς.
