<?xml version="1.0" encoding="UTF-8"?>
<!DOCTYPE html PUBLIC "-//W3C//DTD XHTML 1.0 Transitional//EN"
    "http://www.w3.org/TR/xhtml1/DTD/xhtml1-transitional.dtd">
<html xmlns="http://www.w3.org/1999/xhtml" xml:lang="en" lang="en">
 <head>
  <title>
</title>
<meta http-equiv="Content-Type" content="text/html;charset=utf-8" />
  <meta name='ocr-system' content='tesseract 3.04.00' />
  <meta name='ocr-capabilities' content='ocr_page ocr_carea ocr_par ocr_line ocrx_word'/>
</head>
<body>
  <div class='ocr_page' id='page_1' title='image "./xiipanegyricila02baehgoog_0219.png"; bbox 0 0 2578 4000; ppageno 0'>
   <div class='ocr_carea' id='block_1_1' title="bbox 254 144 1141 244">
    <p class='ocr_par' dir='ltr' id='par_1_1' title="bbox 254 144 1141 244">
     <span class='ocr_line' id='line_1_1' title="bbox 254 144 1141 244; baseline 0.012 -18"><span class='ocrx_word' id='word_1_1' title='bbox 254 152 257 158; x_wconf 84' lang='grc'><strong>’</strong></span> <span class='ocrx_word' id='word_1_2' title='bbox 326 165 584 230; x_wconf 76' lang='lat' dir='ltr'>eousrasrmo</span> <span class='ocrx_word' id='word_1_3' title='bbox 601 179 782 234; x_wconf 75' lang='lat' dir='ltr'>aucusro</span> <span class='ocrx_word' id='word_1_4' title='bbox 802 183 877 232; x_wconf 81' lang='lat' dir='ltr'>r-e.</span> <span class='ocrx_word' id='word_1_5' title='bbox 1027 179 1087 244; x_wconf 80' lang='lat'>187</span> <span class='ocrx_word' id='word_1_6' title='bbox 1139 144 1141 148; x_wconf 35' lang='lat'>¹</span> 
     </span>
    </p>
   </div>
   <div class='ocr_carea' id='block_1_2' title="bbox 108 326 1123 1174">
    <p class='ocr_par' dir='ltr' id='par_1_2' title="bbox 108 326 1123 1174">
     <span class='ocr_line' id='line_1_2' title="bbox 109 326 1086 413; baseline 0.002 -21"><span class='ocrx_word' id='word_1_7' title='bbox 109 326 332 408; x_wconf 85' lang='lat' dir='ltr'>suscepimus,</span> <span class='ocrx_word' id='word_1_8' title='bbox 362 327 453 410; x_wconf 82' lang='lat' dir='ltr'>quasi</span> <span class='ocrx_word' id='word_1_9' title='bbox 481 327 547 392; x_wconf 89' lang='lat' dir='ltr'>iam</span> <span class='ocrx_word' id='word_1_10' title='bbox 573 327 808 412; x_wconf 77' lang='lat' dir='ltr'>indulgentiam</span> <span class='ocrx_word' id='word_1_11' title='bbox 838 350 934 413; x_wconf 90' lang='lat' dir='ltr'>quam</span> <span class='ocrx_word' id='word_1_12' title='bbox 956 329 1086 396; x_wconf 86' lang='lat' dir='ltr'>daturus</span> 
     </span>
     <span class='ocr_line' id='line_1_3' title="bbox 110 411 1087 498; baseline 0.003 -22"><span class='ocrx_word' id='word_1_13' title='bbox 110 433 186 476; x_wconf 86' lang='lat' dir='ltr'>eras</span> <span class='ocrx_word' id='word_1_14' title='bbox 211 411 409 476; x_wconf 84' lang='lat' dir='ltr'><strong>haberemus.</strong></span> <span class='ocrx_word' id='word_1_15' title='bbox 454 412 679 476; x_wconf 87' lang='lat' dir='ltr'>exornauimus</span> <span class='ocrx_word' id='word_1_16' title='bbox 708 414 777 476; x_wconf 89' lang='lat' dir='ltr'>uias</span> <span class='ocrx_word' id='word_1_17' title='bbox 804 414 918 496; x_wconf 88' lang='lat' dir='ltr'>quibus</span> <span class='ocrx_word' id='word_1_18' title='bbox 942 415 977 479; x_wconf 94' lang='lat' dir='ltr'>in</span> <span class='ocrx_word' id='word_1_19' title='bbox 998 415 1087 498; x_wconf 88' lang='lat' dir='ltr'>pala-</span> 
     </span>
     <span class='ocr_line' id='line_1_4' title="bbox 110 495 1088 581; baseline 0.004 -21"><span class='ocrx_word' id='word_1_20' title='bbox 110 496 195 562; x_wconf 89' lang='lat' dir='ltr'>tium</span> <span class='ocrx_word' id='word_1_21' title='bbox 223 495 425 578; x_wconf 86' lang='lat' dir='ltr'>peruenitur,</span> <span class='ocrx_word' id='word_1_22' title='bbox 459 518 598 579; x_wconf 83' lang='lat' dir='ltr'>paupere</span> <span class='ocrx_word' id='word_1_23' title='bbox 627 496 756 581; x_wconf 89' lang='lat' dir='ltr'>quidem</span> <span class='ocrx_word' id='word_1_24' title='bbox 789 497 996 581; x_wconf 87' lang='lat' dir='ltr'>supellectili,</span> <span class='ocrx_word' id='word_1_25' title='bbox 1031 499 1088 568; x_wconf 87' lang='lat' dir='ltr'>sed</span> 
     </span>
     <span class='ocr_line' id='line_1_5' title="bbox 112 580 1085 665; baseline 0.007 -22"><span class='ocrx_word' id='word_1_26' title='bbox 112 580 258 646; x_wconf 89' lang='lat' dir='ltr'>omnium</span> <span class='ocrx_word' id='word_1_27' title='bbox 280 580 375 664; x_wconf 84' lang='lat' dir='ltr'>signa</span> <span class='ocrx_word' id='word_1_28' title='bbox 398 580 613 665; x_wconf 85' lang='lat' dir='ltr'>collegiorum,</span> <span class='ocrx_word' id='word_1_29' title='bbox 641 583 786 648; x_wconf 88' lang='lat' dir='ltr'>omnium</span> <span class='ocrx_word' id='word_1_30' title='bbox 809 583 939 647; x_wconf 87' lang='lat' dir='ltr'>deorum</span> <span class='ocrx_word' id='word_1_31' title='bbox 961 587 1085 652; x_wconf 87' lang='lat' dir='ltr'>nostro·</span> 
     </span>
     <span class='ocr_line' id='line_1_6' title="bbox 109 664 1111 750; baseline -0.001 -23"><span class='ocrx_word' id='word_1_32' title='bbox 109 687 186 730; x_wconf 90' lang='lat' dir='ltr'>rum</span> <span class='ocrx_word' id='word_1_33' title='bbox 220 664 391 730; x_wconf 87' lang='lat' dir='ltr'>simulacra</span> <span class='ocrx_word' id='word_1_34' title='bbox 424 665 643 750; x_wconf 85' lang='lat' dir='ltr'>[protulimus]</span> <span class='ocrx_word' id='word_1_35' title='bbox 650 715 659 749; x_wconf 91' lang='lat'>,</span> <span class='ocrx_word' id='word_1_36' title='bbox 697 667 889 750; x_wconf 89' lang='lat' dir='ltr'>paucissima</span> <span class='ocrx_word' id='word_1_37' title='bbox 926 667 1111 732; x_wconf 85' lang='lat' dir='ltr'>clarorume</span> 
     </span>
     <span class='ocr_line' id='line_1_7' title="bbox 111 750 1086 836; baseline 0.004 -24"><span class='ocrx_word' id='word_1_38' title='bbox 111 751 330 816; x_wconf 77' lang='lat' dir='ltr'>instrumenta</span> <span class='ocrx_word' id='word_1_39' title='bbox 357 750 557 814; x_wconf 88' lang='lat' dir='ltr'>modulorum</span> <span class='ocrx_word' id='word_1_40' title='bbox 579 773 637 834; x_wconf 88' lang='lat' dir='ltr'>per</span> <span class='ocrx_word' id='word_1_41' title='bbox 659 751 849 835; x_wconf 90' lang='lat' dir='ltr'>compendia</span> <span class='ocrx_word' id='word_1_42' title='bbox 877 753 1004 836; x_wconf 90' lang='lat' dir='ltr'>saepius</span> <span class='ocrx_word' id='word_1_43' title='bbox 1026 751 1086 818; x_wconf 87' lang='lat' dir='ltr'>tibi</span> 
     </span>
     <span class='ocr_line' id='line_1_8' title="bbox 108 835 1086 921; baseline 0.002 -23"><span class='ocrx_word' id='word_1_44' title='bbox 108 835 506 917; x_wconf 87' lang='lat' dir='ltr'>occursura-protulimus.</span> <span class='ocrx_word' id='word_1_45' title='bbox 543 835 659 900; x_wconf 85' lang='lat' dir='ltr'>diuites</span> <span class='ocrx_word' id='word_1_46' title='bbox 682 857 740 900; x_wconf 90' lang='lat' dir='ltr'>nos</span> <span class='ocrx_word' id='word_1_47' title='bbox 764 836 906 901; x_wconf 88' lang='lat' dir='ltr'>erederet</span> <span class='ocrx_word' id='word_1_48' title='bbox 928 836 982 921; x_wconf 93' lang='lat' dir='ltr'>qui</span> <span class='ocrx_word' id='word_1_49' title='bbox 1004 835 1086 904; x_wconf 86' lang='lat' dir='ltr'>ueri·</span> 
     </span>
     <span class='ocr_line' id='line_1_9' title="bbox 112 918 1086 1005; baseline 0.004 -23"><span class='ocrx_word' id='word_1_50' title='bbox 112 921 216 984; x_wconf 89' lang='lat' dir='ltr'>tatem</span> <span class='ocrx_word' id='word_1_51' title='bbox 253 918 365 984; x_wconf 87' lang='lat' dir='ltr'>studio·</span> <span class='ocrx_word' id='word_1_52' title='bbox 392 920 585 987; x_wconf 88' lang='lat' dir='ltr'>aestimaret.</span> <span class='ocrx_word' id='word_1_53' title='bbox 637 921 692 986; x_wconf 89' lang='lat' dir='ltr'>sed</span> <span class='ocrx_word' id='word_1_54' title='bbox 729 921 815 988; x_wconf 88' lang='lat' dir='ltr'>enim</span> <span class='ocrx_word' id='word_1_55' title='bbox 847 920 1086 1005; x_wconf 86' lang='lat' dir='ltr'>prouidentiam</span> 
     </span>
     <span class='ocr_line' id='line_1_10' title="bbox 109 1003 1085 1088; baseline 0.003 -22"><span class='ocrx_word' id='word_1_56' title='bbox 109 1007 204 1070; x_wconf 87' lang='lat' dir='ltr'>tuam</span> <span class='ocrx_word' id='word_1_57' title='bbox 219 1003 333 1084; x_wconf 82' lang='lat' dir='ltr'>¹latere</span> <span class='ocrx_word' id='word_1_58' title='bbox 365 1025 432 1068; x_wconf 91' lang='lat' dir='ltr'>non</span> <span class='ocrx_word' id='word_1_59' title='bbox 461 1005 567 1088; x_wconf 90' lang='lat' dir='ltr'>potuit</span> <span class='ocrx_word' id='word_1_60' title='bbox 596 1005 742 1087; x_wconf 89' lang='lat' dir='ltr'>quamuis</span> <span class='ocrx_word' id='word_1_61' title='bbox 771 1007 851 1070; x_wconf 88' lang='lat' dir='ltr'>bene</span> <span class='ocrx_word' id='word_1_62' title='bbox 883 1005 1085 1072; x_wconf 89' lang='lat' dir='ltr'>dissimulata</span> 
     </span>
     <span class='ocr_line' id='line_1_11' title="bbox 112 1088 1123 1174; baseline 0.002 -22"><span class='ocrx_word' id='word_1_63' title='bbox 112 1090 303 1171; x_wconf 87' lang='lat' dir='ltr'>paupertas:</span> <span class='ocrx_word' id='word_1_64' title='bbox 325 1088 514 1154; x_wconf 85' lang='lat' dir='ltr'>intellexisti</span> <span class='ocrx_word' id='word_1_65' title='bbox 529 1089 707 1154; x_wconf 85' lang='lat' dir='ltr'>officiosam</span> <span class='ocrx_word' id='word_1_66' title='bbox 723 1094 756 1156; x_wconf 93' lang='lat' dir='ltr'>et</span> <span class='ocrx_word' id='word_1_67' title='bbox 769 1090 936 1156; x_wconf 73' lang='lat' dir='ltr'>honestam</span> <span class='ocrx_word' id='word_1_68' title='bbox 951 1091 1083 1174; x_wconf 87' lang='lat' dir='ltr'>inopum</span> <span class='ocrx_word' id='word_1_69' title='bbox 1098 1110 1123 1150; x_wconf 77' lang='grc' dir='ltr'>ιο</span> 
     </span>
    </p>
   </div>
   <div class='ocr_carea' id='block_1_3' title="bbox 84 1175 303 1240">
    <p class='ocr_par' dir='ltr' id='par_1_3' title="bbox 84 1175 303 1240">
     <span class='ocr_line' id='line_1_12' title="bbox 84 1175 303 1240; baseline -0.014 -2"><span class='ocrx_word' id='word_1_70' title='bbox 84 1213 87 1222; x_wconf 92' lang='lat'><em>·</em></span> <span class='ocrx_word' id='word_1_71' title='bbox 112 1175 303 1240; x_wconf 79' lang='lat' dir='ltr'>uanitatem.</span> 
     </span>
    </p>
   </div>
   <div class='ocr_carea' id='block_1_4' title="bbox 107 1255 1123 2950">
    <p class='ocr_par' dir='ltr' id='par_1_4' title="bbox 107 1255 1123 2950">
     <span class='ocr_line' id='line_1_13' title="bbox 176 1255 1085 1342; baseline 0.001 -20"><span class='ocrx_word' id='word_1_72' title='bbox 176 1255 234 1322; x_wconf 89' lang='lat' dir='ltr'>IX.</span> <span class='ocrx_word' id='word_1_73' title='bbox 279 1256 401 1340; x_wconf 81' lang='lat' dir='ltr'>Sponte</span> <span class='ocrx_word' id='word_1_74' title='bbox 429 1279 488 1322; x_wconf 89' lang='lat' dir='ltr'>nos</span> <span class='ocrx_word' id='word_1_75' title='bbox 515 1257 553 1324; x_wconf 91' lang='lat' dir='ltr'>ad</span> <span class='ocrx_word' id='word_1_76' title='bbox 577 1259 719 1323; x_wconf 86' lang='lat' dir='ltr'>numinis</span> <span class='ocrx_word' id='word_1_77' title='bbox 740 1259 789 1322; x_wconf 90' lang='lat' dir='ltr'>tui</span> <span class='ocrx_word' id='word_1_78' title='bbox 812 1259 935 1322; x_wconf 88' lang='lat' dir='ltr'>aditum</span> <span class='ocrx_word' id='word_1_79' title='bbox 958 1280 1085 1342; x_wconf 88' lang='lat' dir='ltr'>uocare,</span> 
     </span>
     <span class='ocr_line' id='line_1_14' title="bbox 110 1341 1084 1427; baseline 0 -21"><span class='ocrx_word' id='word_1_80' title='bbox 110 1345 229 1427; x_wconf 87' lang='lat' dir='ltr'>sponte</span> <span class='ocrx_word' id='word_1_81' title='bbox 252 1341 361 1424; x_wconf 87' lang='lat' dir='ltr'>affari,</span> <span class='ocrx_word' id='word_1_82' title='bbox 384 1345 499 1424; x_wconf 87' lang='lat' dir='ltr'>sponte</span> <span class='ocrx_word' id='word_1_83' title='bbox 522 1342 598 1424; x_wconf 90' lang='lat' dir='ltr'>quid</span> <span class='ocrx_word' id='word_1_84' title='bbox 619 1343 688 1426; x_wconf 90' lang='lat' dir='ltr'>opis</span> <span class='ocrx_word' id='word_1_85' title='bbox 713 1343 963 1409; x_wconf 72' lang='lat' dir='ltr'>desideraremus</span> <span class='ocrx_word' id='word_1_86' title='bbox 986 1344 1084 1408; x_wconf 86' lang='lat' dir='ltr'>inter-</span> 
     </span>
     <span class='ocr_line' id='line_1_15' title="bbox 111 1426 1085 1512; baseline 0 -22"><span class='ocrx_word' id='word_1_87' title='bbox 111 1447 228 1512; x_wconf 85' lang='lat' dir='ltr'>rogare</span> <span class='ocrx_word' id='word_1_88' title='bbox 263 1426 413 1511; x_wconf 79' lang='lat' dir='ltr'>dignatus</span> <span class='ocrx_word' id='word_1_89' title='bbox 446 1448 490 1490; x_wconf 88' lang='lat' dir='ltr'>es.</span> <span class='ocrx_word' id='word_1_90' title='bbox 540 1427 618 1490; x_wconf 88' lang='lat' dir='ltr'>haec</span> <span class='ocrx_word' id='word_1_91' title='bbox 651 1431 741 1510; x_wconf 91' lang='lat' dir='ltr'>sunt,</span> <span class='ocrx_word' id='word_1_92' title='bbox 778 1427 970 1510; x_wconf 85' lang='lat' dir='ltr'>imperator,</span> <span class='ocrx_word' id='word_1_93' title='bbox 1008 1449 1085 1492; x_wconf 90' lang='lat' dir='ltr'>uera</span> 
     </span>
     <span class='ocr_line' id='line_1_16' title="bbox 112 1510 1122 1596; baseline -0.004 -20"><span class='ocrx_word' id='word_1_94' title='bbox 112 1510 270 1576; x_wconf 90' lang='lat' dir='ltr'>beneficia</span> <span class='ocrx_word' id='word_1_95' title='bbox 297 1532 378 1594; x_wconf 90' lang='lat' dir='ltr'>quae</span> <span class='ocrx_word' id='word_1_96' title='bbox 406 1531 474 1574; x_wconf 91' lang='lat' dir='ltr'>non</span> <span class='ocrx_word' id='word_1_97' title='bbox 495 1511 642 1595; x_wconf 85' lang='lat' dir='ltr'>precibus</span> <span class='ocrx_word' id='word_1_98' title='bbox 669 1512 861 1596; x_wconf 84' lang='lat' dir='ltr'>efflagitata,</span> <span class='ocrx_word' id='word_1_99' title='bbox 891 1511 946 1576; x_wconf 86' lang='lat' dir='ltr'>sed</span> <span class='ocrx_word' id='word_1_100' title='bbox 969 1534 1008 1576; x_wconf 84' lang='lat' dir='ltr'>cx</span> <span class='ocrx_word' id='word_1_101' title='bbox 1029 1534 1083 1576; x_wconf 90' lang='lat' dir='ltr'>uo·</span> <span class='ocrx_word' id='word_1_102' title='bbox 1097 1531 1122 1572; x_wconf 88' lang='lat'>15</span> 
     </span>
     <span class='ocr_line' id='line_1_17' title="bbox 111 1595 1083 1680; baseline 0.001 -21"><span class='ocrx_word' id='word_1_103' title='bbox 111 1595 256 1660; x_wconf 88' lang='lat' dir='ltr'>luntaria</span> <span class='ocrx_word' id='word_1_104' title='bbox 282 1599 338 1659; x_wconf 89' lang='lat' dir='ltr'>tua</span> <span class='ocrx_word' id='word_1_105' title='bbox 360 1595 505 1662; x_wconf 88' lang='lat' dir='ltr'>bonitate</span> <span class='ocrx_word' id='word_1_106' title='bbox 527 1595 725 1678; x_wconf 89' lang='lat' dir='ltr'>proueniunt</span> <span class='ocrx_word' id='word_1_107' title='bbox 753 1599 785 1661; x_wconf 93' lang='lat' dir='ltr'>et</span> <span class='ocrx_word' id='word_1_108' title='bbox 809 1596 888 1660; x_wconf 89' lang='lat' dir='ltr'>citra</span> <span class='ocrx_word' id='word_1_109' title='bbox 909 1596 1008 1660; x_wconf 91' lang='lat' dir='ltr'>ullam</span> <span class='ocrx_word' id='word_1_110' title='bbox 1030 1618 1083 1680; x_wconf 91' lang='lat' dir='ltr'>pe-</span> 
     </span>
     <span class='ocr_line' id='line_1_18' title="bbox 111 1680 1082 1764; baseline -0.002 -18"><span class='ocrx_word' id='word_1_111' title='bbox 111 1681 203 1746; x_wconf 89' lang='lat' dir='ltr'>tendi</span> <span class='ocrx_word' id='word_1_112' title='bbox 236 1680 415 1746; x_wconf 79' lang='lat' dir='ltr'>molestiam</span> <span class='ocrx_word' id='word_1_113' title='bbox 448 1680 647 1764; x_wconf 89' lang='lat' dir='ltr'>adipiscendi</span> <span class='ocrx_word' id='word_1_114' title='bbox 683 1681 882 1764; x_wconf 87' lang='lat' dir='ltr'>uoluptatem</span> <span class='ocrx_word' id='word_1_115' title='bbox 915 1681 1082 1746; x_wconf 85' lang='lat' dir='ltr'>dederunt.</span> 
     </span>
     <span class='ocr_line' id='line_1_19' title="bbox 112 1765 1083 1849; baseline -0.003 -18"><span class='ocrx_word' id='word_1_116' title='bbox 112 1786 218 1848; x_wconf 85' lang='lat' dir='ltr'>neque</span> <span class='ocrx_word' id='word_1_117' title='bbox 247 1765 333 1830; x_wconf 92' lang='lat' dir='ltr'>enim</span> <span class='ocrx_word' id='word_1_118' title='bbox 359 1765 452 1849; x_wconf 89' lang='lat' dir='ltr'>parui</span> <span class='ocrx_word' id='word_1_119' title='bbox 487 1766 611 1849; x_wconf 82' lang='lat' dir='ltr'>negotii</span> <span class='ocrx_word' id='word_1_120' title='bbox 646 1768 695 1830; x_wconf 91' lang='lat' dir='ltr'>est</span> <span class='ocrx_word' id='word_1_121' title='bbox 726 1766 954 1849; x_wconf 85' lang='lat' dir='ltr'>imperatorem</span> <span class='ocrx_word' id='word_1_122' title='bbox 985 1765 1083 1828; x_wconf 91' lang='lat' dir='ltr'>totius</span> 
     </span>
     <span class='ocr_line' id='line_1_20' title="bbox 110 1849 1083 1934; baseline -0.002 -20"><span class='ocrx_word' id='word_1_123' title='bbox 110 1851 200 1914; x_wconf 89' lang='lat' dir='ltr'>orbis</span> <span class='ocrx_word' id='word_1_124' title='bbox 228 1871 287 1933; x_wconf 92' lang='lat' dir='ltr'>pro</span> <span class='ocrx_word' id='word_1_125' title='bbox 313 1872 347 1914; x_wconf 87' lang='lat' dir='ltr'>se</span> <span class='ocrx_word' id='word_1_126' title='bbox 375 1849 580 1934; x_wconf 84' lang='lat' dir='ltr'>peculiariter</span> <span class='ocrx_word' id='word_1_127' title='bbox 607 1869 734 1934; x_wconf 80' lang='lat' dir='ltr'>rogare,</span> <span class='ocrx_word' id='word_1_128' title='bbox 765 1850 824 1914; x_wconf 92' lang='lat' dir='ltr'>sub</span> <span class='ocrx_word' id='word_1_129' title='bbox 850 1853 960 1914; x_wconf 89' lang='lat' dir='ltr'>tantae</span> <span class='ocrx_word' id='word_1_130' title='bbox 987 1849 1083 1914; x_wconf 89' lang='lat' dir='ltr'>maie-</span> 
     </span>
     <span class='ocr_line' id='line_1_21' title="bbox 112 1933 1123 2018; baseline -0.005 -20"><span class='ocrx_word' id='word_1_131' title='bbox 112 1935 206 2000; x_wconf 85' lang='lat' dir='ltr'>statis</span> <span class='ocrx_word' id='word_1_132' title='bbox 225 1937 357 2018; x_wconf 89' lang='lat' dir='ltr'>aspectu</span> <span class='ocrx_word' id='word_1_133' title='bbox 371 1934 545 2018; x_wconf 85' lang='lat' dir='ltr'>perfricare</span> <span class='ocrx_word' id='word_1_134' title='bbox 563 1933 711 2015; x_wconf 86' lang='lat' dir='ltr'>frontem,</span> <span class='ocrx_word' id='word_1_135' title='bbox 733 1935 858 1998; x_wconf 89' lang='lat' dir='ltr'>uultum</span> <span class='ocrx_word' id='word_1_136' title='bbox 879 1955 1080 2017; x_wconf 88' lang='lat' dir='ltr'>componere,</span> <span class='ocrx_word' id='word_1_137' title='bbox 1097 1953 1123 1993; x_wconf 82' lang='lat' dir='ltr'>ao</span> 
     </span>
     <span class='ocr_line' id='line_1_22' title="bbox 109 2019 1084 2102; baseline -0.004 -18"><span class='ocrx_word' id='word_1_138' title='bbox 109 2020 302 2085; x_wconf 88' lang='lat' dir='ltr'>confirmare</span> <span class='ocrx_word' id='word_1_139' title='bbox 324 2023 483 2100; x_wconf 87' lang='lat' dir='ltr'>animum,</span> <span class='ocrx_word' id='word_1_140' title='bbox 512 2019 611 2085; x_wconf 90' lang='lat' dir='ltr'>uerba</span> <span class='ocrx_word' id='word_1_141' title='bbox 637 2019 820 2102; x_wconf 89' lang='lat' dir='ltr'>concipere,</span> <span class='ocrx_word' id='word_1_142' title='bbox 850 2019 1084 2102; x_wconf 86' lang='lat' dir='ltr'>intrepidanter</span> 
     </span>
     <span class='ocr_line' id='line_1_23' title="bbox 111 2101 1083 2188; baseline -0.002 -20"><span class='ocrx_word' id='word_1_143' title='bbox 111 2104 233 2187; x_wconf 87' lang='lat' dir='ltr'>dicere,</span> <span class='ocrx_word' id='word_1_144' title='bbox 269 2107 344 2186; x_wconf 89' lang='lat' dir='ltr'>apte</span> <span class='ocrx_word' id='word_1_145' title='bbox 378 2104 537 2188; x_wconf 86' lang='lat' dir='ltr'>desinere,</span> <span class='ocrx_word' id='word_1_146' title='bbox 575 2108 743 2188; x_wconf 87' lang='lat' dir='ltr'>expectare</span> <span class='ocrx_word' id='word_1_147' title='bbox 774 2107 974 2187; x_wconf 88' lang='lat' dir='ltr'>responsum.</span> <span class='ocrx_word' id='word_1_148' title='bbox 1024 2101 1083 2168; x_wconf 89' lang='lat' dir='ltr'>has</span> 
     </span>
     <span class='ocr_line' id='line_1_24' title="bbox 110 2187 1083 2272; baseline -0.002 -18"><span class='ocrx_word' id='word_1_149' title='bbox 110 2209 224 2254; x_wconf 90' lang='lat' dir='ltr'>omnes</span> <span class='ocrx_word' id='word_1_150' title='bbox 246 2187 471 2270; x_wconf 86' lang='lat' dir='ltr'>difficultates,</span> <span class='ocrx_word' id='word_1_151' title='bbox 502 2189 690 2272; x_wconf 87' lang='lat' dir='ltr'>imperator,</span> <span class='ocrx_word' id='word_1_152' title='bbox 718 2189 929 2255; x_wconf 87' lang='lat' dir='ltr'>uerecundiae</span> <span class='ocrx_word' id='word_1_153' title='bbox 951 2191 1083 2252; x_wconf 88' lang='lat' dir='ltr'>nostrae</span> 
     </span>
     <span class='ocr_line' id='line_1_25' title="bbox 111 2273 1084 2357; baseline 0.002 -21"><span class='ocrx_word' id='word_1_154' title='bbox 111 2273 280 2356; x_wconf 84' lang='lat' dir='ltr'>remisisti,</span> <span class='ocrx_word' id='word_1_155' title='bbox 313 2294 381 2338; x_wconf 91' lang='lat' dir='ltr'>non</span> <span class='ocrx_word' id='word_1_156' title='bbox 403 2273 508 2338; x_wconf 91' lang='lat' dir='ltr'>solum</span> <span class='ocrx_word' id='word_1_157' title='bbox 535 2273 620 2338; x_wconf 90' lang='lat' dir='ltr'>ultro</span> <span class='ocrx_word' id='word_1_158' title='bbox 641 2273 861 2357; x_wconf 84' lang='lat' dir='ltr'>percontando</span> <span class='ocrx_word' id='word_1_159' title='bbox 887 2274 963 2357; x_wconf 90' lang='lat' dir='ltr'>quid</span> <span class='ocrx_word' id='word_1_160' title='bbox 984 2294 1084 2340; x_wconf 86' lang='lat' dir='ltr'>reme·</span> 
     </span>
     <span class='ocr_line' id='line_1_26' title="bbox 109 2357 1122 2442; baseline -0.003 -19"><span class='ocrx_word' id='word_1_161' title='bbox 109 2358 160 2423; x_wconf 93' lang='lat' dir='ltr'>dii</span> <span class='ocrx_word' id='word_1_162' title='bbox 180 2379 395 2442; x_wconf 89' lang='lat' dir='ltr'>posceremus,</span> <span class='ocrx_word' id='word_1_163' title='bbox 419 2357 474 2422; x_wconf 87' lang='lat' dir='ltr'>sed</span> <span class='ocrx_word' id='word_1_164' title='bbox 497 2357 594 2420; x_wconf 89' lang='lat' dir='ltr'>etiam</span> <span class='ocrx_word' id='word_1_165' title='bbox 608 2357 669 2421; x_wconf 91' lang='lat' dir='ltr'>tibi</span> <span class='ocrx_word' id='word_1_166' title='bbox 690 2359 753 2440; x_wconf 88' lang='lat' dir='ltr'>ipsi</span> <span class='ocrx_word' id='word_1_167' title='bbox 776 2357 978 2442; x_wconf 79' lang='lat' dir='ltr'>suggerendo</span> <span class='ocrx_word' id='word_1_168' title='bbox 1002 2379 1083 2440; x_wconf 87' lang='lat' dir='ltr'>quae</span> <span class='ocrx_word' id='word_1_169' title='bbox 1097 2373 1122 2414; x_wconf 72' lang='lat'>25</span> 
     </span>
     <span class='ocr_line' id='line_1_27' title="bbox 111 2441 1082 2526; baseline -0.004 -18"><span class='ocrx_word' id='word_1_170' title='bbox 111 2464 174 2508; x_wconf 90' lang='lat' dir='ltr'>nos</span> <span class='ocrx_word' id='word_1_171' title='bbox 197 2443 391 2524; x_wconf 78' lang='lat' dir='ltr'>tacebamus,</span> <span class='ocrx_word' id='word_1_172' title='bbox 416 2442 491 2508; x_wconf 91' lang='lat' dir='ltr'>dum</span> <span class='ocrx_word' id='word_1_173' title='bbox 513 2463 571 2506; x_wconf 88' lang='lat' dir='ltr'>nos</span> <span class='ocrx_word' id='word_1_174' title='bbox 594 2441 734 2508; x_wconf 88' lang='lat' dir='ltr'>iacentes</span> <span class='ocrx_word' id='word_1_175' title='bbox 758 2442 797 2506; x_wconf 91' lang='lat' dir='ltr'>ad</span> <span class='ocrx_word' id='word_1_176' title='bbox 812 2442 909 2526; x_wconf 89' lang='lat' dir='ltr'>pedes</span> <span class='ocrx_word' id='word_1_177' title='bbox 924 2445 998 2507; x_wconf 85' lang='lat' dir='ltr'>tuos</span> <span class='ocrx_word' id='word_1_178' title='bbox 1022 2441 1082 2508; x_wconf 90' lang='lat' dir='ltr'>cle-</span> 
     </span>
     <span class='ocr_line' id='line_1_28' title="bbox 112 2525 1083 2593; baseline 0.001 -1"><span class='ocrx_word' id='word_1_179' title='bbox 112 2528 314 2592; x_wconf 89' lang='lat' dir='ltr'>mentissimo</span> <span class='ocrx_word' id='word_1_180' title='bbox 349 2527 471 2592; x_wconf 84' lang='lat' dir='ltr'>attollis</span> <span class='ocrx_word' id='word_1_181' title='bbox 500 2526 610 2590; x_wconf 88' lang='lat' dir='ltr'>affatu.</span> <span class='ocrx_word' id='word_1_182' title='bbox 660 2526 799 2593; x_wconf 89' lang='lat' dir='ltr'>uidimus</span> <span class='ocrx_word' id='word_1_183' title='bbox 832 2525 1083 2593; x_wconf 83' lang='lat' dir='ltr'>misericordiam</span> 
     </span>
     <span class='ocr_line' id='line_1_29' title="bbox 107 2609 1083 2694; baseline -0.004 -16"><span class='ocrx_word' id='word_1_184' title='bbox 107 2616 203 2678; x_wconf 87' lang='lat' dir='ltr'>tuam</span> <span class='ocrx_word' id='word_1_185' title='bbox 226 2613 409 2678; x_wconf 88' lang='lat' dir='ltr'>umentibus</span> <span class='ocrx_word' id='word_1_186' title='bbox 437 2612 538 2678; x_wconf 87' lang='lat' dir='ltr'>oeulis</span> <span class='ocrx_word' id='word_1_187' title='bbox 561 2611 766 2678; x_wconf 90' lang='lat' dir='ltr'>eminentem.</span> <span class='ocrx_word' id='word_1_188' title='bbox 811 2611 902 2678; x_wconf 88' lang='lat' dir='ltr'>ibant</span> <span class='ocrx_word' id='word_1_189' title='bbox 923 2631 981 2694; x_wconf 90' lang='lat' dir='ltr'>per</span> <span class='ocrx_word' id='word_1_190' title='bbox 1002 2609 1083 2678; x_wconf 87' lang='lat' dir='ltr'>haec</span> 
     </span>
     <span class='ocr_line' id='line_1_30' title="bbox 110 2695 1081 2780; baseline -0.006 -18"><span class='ocrx_word' id='word_1_191' title='bbox 110 2719 169 2763; x_wconf 90' lang='lat' dir='ltr'>ora</span> <span class='ocrx_word' id='word_1_192' title='bbox 183 2697 342 2779; x_wconf 86' lang='lat' dir='ltr'>lacrimae,</span> <span class='ocrx_word' id='word_1_193' title='bbox 365 2697 515 2763; x_wconf 85' lang='lat' dir='ltr'>lacrimae</span> <span class='ocrx_word' id='word_1_194' title='bbox 529 2697 623 2760; x_wconf 90' lang='lat' dir='ltr'>nobis</span> <span class='ocrx_word' id='word_1_195' title='bbox 642 2697 809 2776; x_wconf 85' lang='lat' dir='ltr'>salutares,</span> <span class='ocrx_word' id='word_1_196' title='bbox 831 2696 892 2760; x_wconf 91' lang='lat' dir='ltr'>tibi</span> <span class='ocrx_word' id='word_1_197' title='bbox 907 2695 1081 2780; x_wconf 84' lang='lat' dir='ltr'>gloriosae:</span> 
     </span>
     <span class='ocr_line' id='line_1_31' title="bbox 111 2778 1122 2863; baseline -0.009 -18"><span class='ocrx_word' id='word_1_198' title='bbox 111 2785 146 2846; x_wconf 86' lang='lat' dir='ltr'>et</span> <span class='ocrx_word' id='word_1_199' title='bbox 168 2803 229 2848; x_wconf 91' lang='lat' dir='ltr'>nos</span> <span class='ocrx_word' id='word_1_200' title='bbox 251 2781 391 2848; x_wconf 86' lang='lat' dir='ltr'>inuicem</span> <span class='ocrx_word' id='word_1_201' title='bbox 413 2782 477 2846; x_wconf 90' lang='lat' dir='ltr'>iam</span> <span class='ocrx_word' id='word_1_202' title='bbox 495 2781 605 2846; x_wconf 91' lang='lat' dir='ltr'>dolore</span> <span class='ocrx_word' id='word_1_203' title='bbox 620 2779 764 2847; x_wconf 86' lang='lat' dir='ltr'>discusso</span> <span class='ocrx_word' id='word_1_204' title='bbox 785 2781 939 2846; x_wconf 88' lang='lat' dir='ltr'>flebamus</span> <span class='ocrx_word' id='word_1_205' title='bbox 955 2778 1082 2863; x_wconf 81' lang='lat' dir='ltr'>gaudio.</span> <span class='ocrx_word' id='word_1_206' title='bbox 1097 2795 1122 2836; x_wconf 81' lang='lat' dir='ltr'>a</span> 
     </span>
     <span class='ocr_line' id='line_1_32' title="bbox 112 2861 1083 2950; baseline -0.006 -20"><span class='ocrx_word' id='word_1_207' title='bbox 112 2888 189 2930; x_wconf 87' lang='lat' dir='ltr'>nam</span> <span class='ocrx_word' id='word_1_208' title='bbox 212 2866 296 2931; x_wconf 87' lang='lat' dir='ltr'>sicut</span> <span class='ocrx_word' id='word_1_209' title='bbox 319 2886 413 2950; x_wconf 82' lang='lat' dir='ltr'>agros</span> <span class='ocrx_word' id='word_1_210' title='bbox 436 2865 589 2930; x_wconf 89' lang='lat' dir='ltr'>diuturno</span> <span class='ocrx_word' id='word_1_211' title='bbox 615 2864 727 2931; x_wconf 90' lang='lat' dir='ltr'>ardore</span> <span class='ocrx_word' id='word_1_212' title='bbox 755 2865 901 2930; x_wconf 88' lang='lat' dir='ltr'>sitientes</span> <span class='ocrx_word' id='word_1_213' title='bbox 925 2861 1083 2945; x_wconf 89' lang='lat' dir='ltr'>expetitus</span> 
     </span>
    </p>
   </div>
   <div class='ocr_carea' id='block_1_5' title="bbox 111 3031 1086 3564">
    <p class='ocr_par' dir='ltr' id='par_1_5' title="bbox 111 3031 1086 3564">
     <span class='ocr_line' id='line_1_33' title="bbox 167 3031 1082 3103; baseline -0.008 -15"><span class='ocrx_word' id='word_1_214' title='bbox 167 3041 181 3088; x_wconf 95' lang='grc'>1</span> <span class='ocrx_word' id='word_1_215' title='bbox 192 3038 489 3103; x_wconf 76' lang='lat' dir='ltr'>susceperimusBerl.‚</span> <span class='ocrx_word' id='word_1_216' title='bbox 498 3039 546 3088; x_wconf 78' lang='lat' dir='ltr'>aad</span> <span class='ocrx_word' id='word_1_217' title='bbox 555 3039 620 3090; x_wconf 81' lang='lat' dir='ltr'>idem</span> <span class='ocrx_word' id='word_1_218' title='bbox 625 3054 652 3100; x_wconf 87' lang='lat' dir='ltr'>p.</span> <span class='ocrx_word' id='word_1_219' title='bbox 660 3040 717 3100; x_wconf 80' lang='lat'>186,</span> <span class='ocrx_word' id='word_1_220' title='bbox 729 3039 763 3086; x_wconf 83' lang='lat'>28</span> <span class='ocrx_word' id='word_1_221' title='bbox 774 3045 801 3086; x_wconf 88' lang='lat' dir='ltr'>ct</span> <span class='ocrx_word' id='word_1_222' title='bbox 811 3035 928 3099; x_wconf 86' lang='lat' dir='ltr'>quodam</span> <span class='ocrx_word' id='word_1_223' title='bbox 937 3050 991 3084; x_wconf 86' lang='lat' dir='ltr'>cum</span> <span class='ocrx_word' id='word_1_224' title='bbox 999 3034 1057 3086; x_wconf 83' lang='lat' dir='ltr'>rell.</span> <span class='ocrx_word' id='word_1_225' title='bbox 1070 3031 1082 3096; x_wconf 75' lang='lat' dir='ltr'>ll</span> 
     </span>
     <span class='ocr_line' id='line_1_34' title="bbox 112 3100 1084 3170; baseline -0.006 -16"><span class='ocrx_word' id='word_1_226' title='bbox 112 3107 129 3154; x_wconf 83' lang='lat'>5</span> <span class='ocrx_word' id='word_1_227' title='bbox 146 3106 313 3170; x_wconf 87' lang='lat' dir='ltr'>protulimus</span> <span class='ocrx_word' id='word_1_228' title='bbox 325 3107 375 3159; x_wconf 85' lang='lat' dir='ltr'>del.</span> <span class='ocrx_word' id='word_1_229' title='bbox 387 3107 522 3170; x_wconf 78' lang='lat' dir='ltr'>Jeepercs,</span> <span class='ocrx_word' id='word_1_230' title='bbox 542 3109 647 3156; x_wconf 80' lang='lat' dir='ltr'>alterum</span> <span class='ocrx_word' id='word_1_231' title='bbox 658 3108 674 3156; x_wconf 87' lang='lat' dir='ltr'>l.</span> <span class='ocrx_word' id='word_1_232' title='bbox 690 3109 706 3154; x_wconf 88' lang='grc'><strong><em>7</em></strong></span> <span class='ocrx_word' id='word_1_233' title='bbox 717 3106 849 3156; x_wconf 79' lang='lat' dir='ltr'>Liuineius</span> <span class='ocrx_word' id='word_1_234' title='bbox 861 3100 871 3168; x_wconf 85' lang='grc' dir='ltr'>ΙΙ</span> <span class='ocrx_word' id='word_1_235' title='bbox 886 3104 916 3151; x_wconf 84' lang='grc'>12</span> <span class='ocrx_word' id='word_1_236' title='bbox 934 3115 1034 3152; x_wconf 85' lang='lat' dir='ltr'>uocare</span> <span class='ocrx_word' id='word_1_237' title='bbox 1046 3113 1084 3148; x_wconf 85' lang='lat' dir='ltr'>w:</span> 
     </span>
     <span class='ocr_line' id='line_1_35' title="bbox 112 3167 1084 3239; baseline -0.005 -16"><span class='ocrx_word' id='word_1_238' title='bbox 112 3188 232 3225; x_wconf 84' lang='lat' dir='ltr'>necares</span> <span class='ocrx_word' id='word_1_239' title='bbox 249 3175 277 3224; x_wconf 72' lang='grc' dir='ltr'><strong>Π</strong></span> <span class='ocrx_word' id='word_1_240' title='bbox 295 3174 370 3224; x_wconf 80' lang='lat' dir='ltr'>Bert.</span> <span class='ocrx_word' id='word_1_241' title='bbox 400 3171 412 3239; x_wconf 85' lang='grc' dir='ltr'>ΙΙ</span> <span class='ocrx_word' id='word_1_242' title='bbox 442 3177 473 3228; x_wconf 85' lang='grc'>18</span> <span class='ocrx_word' id='word_1_243' title='bbox 491 3174 551 3238; x_wconf 91' lang='lat' dir='ltr'>opis</span> <span class='ocrx_word' id='word_1_244' title='bbox 569 3175 615 3222; x_wconf 80' lang='lat' dir='ltr'>W:</span> <span class='ocrx_word' id='word_1_245' title='bbox 633 3187 702 3236; x_wconf 87' lang='lat' dir='ltr'>opus</span> <span class='ocrx_word' id='word_1_246' title='bbox 719 3172 742 3220; x_wconf 99' lang='lat' dir='ltr'>A</span> <span class='ocrx_word' id='word_1_247' title='bbox 759 3173 779 3222; x_wconf 81' lang='lat' dir='ltr'>B</span> <span class='ocrx_word' id='word_1_248' title='bbox 798 3173 815 3219; x_wconf 82' lang='lat'><strong>0</strong></span> <span class='ocrx_word' id='word_1_249' title='bbox 833 3171 856 3217; x_wconf 80' lang='lat' dir='ltr'><strong>V</strong></span> <span class='ocrx_word' id='word_1_250' title='bbox 879 3167 889 3235; x_wconf 82' lang='grc' dir='ltr'>ΙΙ</span> <span class='ocrx_word' id='word_1_251' title='bbox 921 3170 951 3222; x_wconf 82' lang='grc'>18</span> <span class='ocrx_word' id='word_1_252' title='bbox 969 3169 1084 3234; x_wconf 86' lang='lat' dir='ltr'>impera·</span> 
     </span>
     <span class='ocr_line' id='line_1_36' title="bbox 113 3234 1086 3306; baseline -0.004 -16"><span class='ocrx_word' id='word_1_253' title='bbox 113 3247 202 3292; x_wconf 87' lang='lat' dir='ltr'>torem</span> <span class='ocrx_word' id='word_1_254' title='bbox 215 3254 254 3290; x_wconf 74' lang='lat' dir='ltr'>wa</span> <span class='ocrx_word' id='word_1_255' title='bbox 273 3243 423 3305; x_wconf 86' lang='lat' dir='ltr'>imperator</span> <span class='ocrx_word' id='word_1_256' title='bbox 437 3243 464 3289; x_wconf 71' lang='grc' dir='ltr'><strong>Η</strong></span> <span class='ocrx_word' id='word_1_257' title='bbox 476 3240 486 3306; x_wconf 78' lang='lat' dir='ltr'>u</span> <span class='ocrx_word' id='word_1_258' title='bbox 500 3243 531 3292; x_wconf 87' lang='grc'>19</span> <span class='ocrx_word' id='word_1_259' title='bbox 550 3241 658 3306; x_wconf 85' lang='lat' dir='ltr'>peculia</span> <span class='ocrx_word' id='word_1_260' title='bbox 670 3240 748 3290; x_wconf 89' lang='lat' dir='ltr'>terA</span> <span class='ocrx_word' id='word_1_261' title='bbox 763 3240 767 3302; x_wconf 91' lang='grc' dir='ltr'>Ι</span> <span class='ocrx_word' id='word_1_262' title='bbox 783 3239 848 3290; x_wconf 90' lang='lat' dir='ltr'>subs</span> <span class='ocrx_word' id='word_1_263' title='bbox 860 3239 883 3290; x_wconf 91' lang='lat' dir='ltr'>A</span> <span class='ocrx_word' id='word_1_264' title='bbox 895 3234 905 3303; x_wconf 86' lang='grc' dir='ltr'>ΙΙ</span> <span class='ocrx_word' id='word_1_265' title='bbox 918 3239 951 3288; x_wconf 88' lang='grc'>20</span> <span class='ocrx_word' id='word_1_266' title='bbox 968 3242 1086 3302; x_wconf 87' lang='lat' dir='ltr'>aspectu</span> 
     </span>
     <span class='ocr_line' id='line_1_37' title="bbox 112 3305 1086 3372; baseline -0.006 -12"><span class='ocrx_word' id='word_1_267' title='bbox 112 3310 262 3362; x_wconf 75' lang='lat' dir='ltr'>Acidaliae:</span> <span class='ocrx_word' id='word_1_268' title='bbox 281 3308 384 3360; x_wconf 82' lang='lat' dir='ltr'>affeetu</span> <span class='ocrx_word' id='word_1_269' title='bbox 401 3309 429 3358; x_wconf 72' lang='grc' dir='ltr'><strong>Π</strong></span> <span class='ocrx_word' id='word_1_270' title='bbox 449 3305 454 3372; x_wconf 91' lang='grc' dir='ltr'>Ι</span> <span class='ocrx_word' id='word_1_271' title='bbox 483 3312 514 3360; x_wconf 92' lang='grc'>21</span> <span class='ocrx_word' id='word_1_272' title='bbox 533 3308 731 3372; x_wconf 85' lang='lat' dir='ltr'>intrepidanter</span> <span class='ocrx_word' id='word_1_273' title='bbox 749 3308 897 3357; x_wconf 81' lang='lat' dir='ltr'>Acidaliae:</span> <span class='ocrx_word' id='word_1_274' title='bbox 915 3305 1086 3370; x_wconf 86' lang='lat' dir='ltr'>trepidanter</span> 
     </span>
     <span class='ocr_line' id='line_1_38' title="bbox 111 3372 1086 3441; baseline -0.005 -15"><span class='ocrx_word' id='word_1_275' title='bbox 111 3375 195 3440; x_wconf 89' lang='lat' dir='ltr'>(·tem</span> <span class='ocrx_word' id='word_1_276' title='bbox 212 3377 245 3437; x_wconf 78' lang='lat' dir='ltr'>Al</span> <span class='ocrx_word' id='word_1_277' title='bbox 264 3378 291 3424; x_wconf 74' lang='lat' dir='ltr'>H</span> <span class='ocrx_word' id='word_1_278' title='bbox 309 3375 369 3441; x_wconf 82' lang='grc'>1122</span> <span class='ocrx_word' id='word_1_279' title='bbox 388 3383 451 3440; x_wconf 88' lang='lat' dir='ltr'>apte</span> <span class='ocrx_word' id='word_1_280' title='bbox 484 3383 579 3441; x_wconf 86' lang='lat' dir='ltr'>aperte</span> <span class='ocrx_word' id='word_1_281' title='bbox 596 3378 629 3425; x_wconf 82' lang='lat' dir='ltr'>W</span> <span class='ocrx_word' id='word_1_282' title='bbox 646 3373 656 3441; x_wconf 84' lang='grc' dir='ltr'>ΙΙ</span> <span class='ocrx_word' id='word_1_283' title='bbox 677 3379 710 3426; x_wconf 87' lang='grc'>24</span> <span class='ocrx_word' id='word_1_284' title='bbox 727 3375 859 3426; x_wconf 87' lang='lat' dir='ltr'>remisisti</span> <span class='ocrx_word' id='word_1_285' title='bbox 877 3375 949 3424; x_wconf 75' lang='lat' dir='ltr'>edd:</span> <span class='ocrx_word' id='word_1_286' title='bbox 968 3372 1086 3424; x_wconf 85' lang='lat' dir='ltr'>renuisti</span> 
     </span>
     <span class='ocr_line' id='line_1_39' title="bbox 111 3440 1083 3509; baseline -0.005 -17"><span class='ocrx_word' id='word_1_287' title='bbox 111 3441 181 3507; x_wconf 66' lang='lat' dir='ltr'>(ren.</span> <span class='ocrx_word' id='word_1_288' title='bbox 200 3443 233 3508; x_wconf 90' lang='lat' dir='ltr'>A)</span> <span class='ocrx_word' id='word_1_289' title='bbox 251 3446 280 3493; x_wconf 73' lang='lat' dir='ltr'>H</span> <span class='ocrx_word' id='word_1_290' title='bbox 294 3443 299 3509; x_wconf 83' lang='grc' dir='ltr'>Ι</span> <span class='ocrx_word' id='word_1_291' title='bbox 314 3443 386 3495; x_wconf 86' lang='lat' dir='ltr'>ultro</span> <span class='ocrx_word' id='word_1_292' title='bbox 404 3445 427 3493; x_wconf 99' lang='lat' dir='ltr'>A</span> <span class='ocrx_word' id='word_1_293' title='bbox 443 3458 480 3494; x_wconf 86' lang='lat' dir='ltr'>w:</span> <span class='ocrx_word' id='word_1_294' title='bbox 500 3445 574 3495; x_wconf 87' lang='lat' dir='ltr'>ultra</span> <span class='ocrx_word' id='word_1_295' title='bbox 591 3452 649 3495; x_wconf 79' lang='lat' dir='ltr'>cert.</span> <span class='ocrx_word' id='word_1_296' title='bbox 664 3441 673 3508; x_wconf 86' lang='grc' dir='ltr'>ΙΙ</span> <span class='ocrx_word' id='word_1_297' title='bbox 687 3445 719 3494; x_wconf 84' lang='grc'>29</span> <span class='ocrx_word' id='word_1_298' title='bbox 737 3443 868 3494; x_wconf 88' lang='lat' dir='ltr'>lacrimae</span> <span class='ocrx_word' id='word_1_299' title='bbox 887 3443 1019 3492; x_wconf 87' lang='lat' dir='ltr'>lacrimae</span> <span class='ocrx_word' id='word_1_300' title='bbox 1039 3440 1083 3488; x_wconf 83' lang='lat' dir='ltr'>W:</span> 
     </span>
     <span class='ocr_line' id='line_1_40' title="bbox 111 3509 401 3564; baseline 0 -4"><span class='ocrx_word' id='word_1_301' title='bbox 111 3509 246 3564; x_wconf 86' lang='lat' dir='ltr'>lacrimae</span> <span class='ocrx_word' id='word_1_302' title='bbox 264 3514 286 3562; x_wconf 93' lang='lat' dir='ltr'>A</span> <span class='ocrx_word' id='word_1_303' title='bbox 304 3513 325 3562; x_wconf 78' lang='lat' dir='ltr'>B</span> <span class='ocrx_word' id='word_1_304' title='bbox 343 3514 360 3560; x_wconf 81' lang='lat'><strong>0</strong></span> <span class='ocrx_word' id='word_1_305' title='bbox 379 3513 401 3560; x_wconf 82' lang='lat' dir='ltr'>V</span> 
     </span>
    </p>
   </div>
   <div class='ocr_carea' id='block_1_6' title="bbox 0 0 1294 4000">
    <p class='ocr_par' dir='ltr' id='par_1_6' title="bbox 0 0 1294 4000">
     <span class='ocr_line' id='line_1_41' title="bbox 0 0 1294 4000; baseline 0 0"><span class='ocrx_word' id='word_1_306' title='bbox 0 0 1294 4000; x_wconf 95' lang='lat' dir='ltr'> </span> 
     </span>
    </p>
   </div>
  </div>
 </body>
</html>
