<?xml version="1.0" encoding="UTF-8"?>
<!DOCTYPE html PUBLIC "-//W3C//DTD XHTML 1.0 Transitional//EN"
    "http://www.w3.org/TR/xhtml1/DTD/xhtml1-transitional.dtd">
<html xmlns="http://www.w3.org/1999/xhtml" xml:lang="en" lang="en">
 <head>
  <title>
</title>
<meta http-equiv="Content-Type" content="text/html;charset=utf-8" />
  <meta name='ocr-system' content='tesseract 3.04.00' />
  <meta name='ocr-capabilities' content='ocr_page ocr_carea ocr_par ocr_line ocrx_word'/>
</head>
<body>
  <div class='ocr_page' id='page_1' title='image "./xiipanegyricila02baehgoog_0072.png"; bbox 0 0 2572 3990; ppageno 0'>
   <div class='ocr_carea' id='block_1_1' title="bbox 206 192 846 276">
    <p class='ocr_par' dir='ltr' id='par_1_1' title="bbox 206 192 846 276">
     <span class='ocr_line' id='line_1_1' title="bbox 206 192 846 276; baseline -0.005 -15"><span class='ocrx_word' id='word_1_1' title='bbox 206 212 248 276; x_wconf 87' lang='lat'><strong>40</strong></span> <span class='ocrx_word' id='word_1_2' title='bbox 532 210 554 264; x_wconf 85' lang='lat'><strong>1.</strong></span> <span class='ocrx_word' id='word_1_3' title='bbox 585 209 613 259; x_wconf 89' lang='lat' dir='ltr'><strong>o.</strong></span> <span class='ocrx_word' id='word_1_4' title='bbox 631 192 748 260; x_wconf 73' lang='lat' dir='ltr'><strong>curun</strong></span> <span class='ocrx_word' id='word_1_5' title='bbox 765 209 846 259; x_wconf 76' lang='lat' dir='ltr'><strong>Pau.</strong></span> 
     </span>
    </p>
   </div>
   <div class='ocr_carea' id='block_1_2' title="bbox 206 357 1176 528">
    <p class='ocr_par' dir='ltr' id='par_1_2' title="bbox 206 357 1176 528">
     <span class='ocr_line' id='line_1_2' title="bbox 206 357 1176 441; baseline -0.004 -15"><span class='ocrx_word' id='word_1_6' title='bbox 206 363 332 426; x_wconf 86' lang='lat' dir='ltr'><strong>diuersa</strong></span> <span class='ocrx_word' id='word_1_7' title='bbox 366 364 482 424; x_wconf 84' lang='lat' dir='ltr'><strong>natura</strong></span> <span class='ocrx_word' id='word_1_8' title='bbox 515 358 691 424; x_wconf 78' lang='lat' dir='ltr'>dominatio</span> <span class='ocrx_word' id='word_1_9' title='bbox 726 361 757 422; x_wconf 92' lang='lat' dir='ltr'><strong>et</strong></span> <span class='ocrx_word' id='word_1_10' title='bbox 790 358 1001 441; x_wconf 87' lang='lat' dir='ltr'><strong>principatus,</strong></span> <span class='ocrx_word' id='word_1_11' title='bbox 1032 357 1079 420; x_wconf 80' lang='lat' dir='ltr'><strong>its</strong></span> <span class='ocrx_word' id='word_1_12' title='bbox 1107 379 1176 422; x_wconf 87' lang='lat' dir='ltr'><strong>nou</strong></span> 
     </span>
     <span class='ocr_line' id='line_1_3' title="bbox 206 443 1175 528; baseline -0.002 -18"><span class='ocrx_word' id='word_1_13' title='bbox 206 446 277 510; x_wconf 88' lang='lat' dir='ltr'><strong>aliis</strong></span> <span class='ocrx_word' id='word_1_14' title='bbox 307 467 375 510; x_wconf 87' lang='lat' dir='ltr'><strong>esse</strong></span> <span class='ocrx_word' id='word_1_15' title='bbox 404 444 582 527; x_wconf 87' lang='lat' dir='ltr'><strong>principem</strong></span> <span class='ocrx_word' id='word_1_16' title='bbox 614 444 789 528; x_wconf 76' lang='lat' dir='ltr'>gratiorem</span> <span class='ocrx_word' id='word_1_17' title='bbox 818 463 915 527; x_wconf 88' lang='lat' dir='ltr'><strong>quam</strong></span> <span class='ocrx_word' id='word_1_18' title='bbox 947 444 1001 526; x_wconf 89' lang='lat' dir='ltr'><strong>qui</strong></span> <span class='ocrx_word' id='word_1_19' title='bbox 1035 443 1175 508; x_wconf 85' lang='lat' dir='ltr'><strong>maxime</strong></span> 
     </span>
    </p>
   </div>
   <div class='ocr_carea' id='block_1_3' title="bbox 206 527 1279 614">
    <p class='ocr_par' dir='ltr' id='par_1_3' title="bbox 206 527 1279 614">
     <span class='ocr_line' id='line_1_4' title="bbox 206 527 1279 614; baseline -0.007 -20"><span class='ocrx_word' id='word_1_20' title='bbox 206 531 369 595; x_wconf 89' lang='lat' dir='ltr'><strong>domiuum</strong></span> <span class='ocrx_word' id='word_1_21' title='bbox 393 531 578 614; x_wconf 80' lang='lat' dir='ltr'><strong>grauantur.</strong></span> <span class='ocrx_word' id='word_1_22' title='bbox 616 529 675 592; x_wconf 90' lang='lat' dir='ltr'><strong>hos</strong></span> <span class='ocrx_word' id='word_1_23' title='bbox 698 548 774 612; x_wconf 83' lang='lat' dir='ltr'><strong>ergo</strong></span> <span class='ocrx_word' id='word_1_24' title='bbox 801 527 952 610; x_wconf 84' lang='lat' dir='ltr'><strong>prouehis</strong></span> <span class='ocrx_word' id='word_1_25' title='bbox 975 530 1008 590; x_wconf 90' lang='lat' dir='ltr'><strong>et</strong></span> <span class='ocrx_word' id='word_1_26' title='bbox 1029 529 1176 592; x_wconf 75' lang='lat' dir='ltr'><strong>ostentas</strong></span> <span class='ocrx_word' id='word_1_27' title='bbox 1278 579 1279 586; x_wconf 71' lang='grc'>,</span> 
     </span>
    </p>
   </div>
   <div class='ocr_carea' id='block_1_4' title="bbox 180 611 1175 950">
    <p class='ocr_par' dir='ltr' id='par_1_4' title="bbox 180 611 1175 950">
     <span class='ocr_line' id='line_1_5' title="bbox 205 611 1173 698; baseline -0.004 -18"><span class='ocrx_word' id='word_1_28' title='bbox 205 616 295 698; x_wconf 80' lang='lat' dir='ltr'>quasi</span> <span class='ocrx_word' id='word_1_29' title='bbox 323 616 486 698; x_wconf 77' lang='lat' dir='ltr'>specimen</span> <span class='ocrx_word' id='word_1_30' title='bbox 514 616 547 677; x_wconf 91' lang='lat' dir='ltr'><strong>et</strong></span> <span class='ocrx_word' id='word_1_31' title='bbox 573 612 744 695; x_wconf 83' lang='lat' dir='ltr'><strong>exemplar,</strong></span> <span class='ocrx_word' id='word_1_32' title='bbox 775 633 854 694; x_wconf 86' lang='lat' dir='ltr'><strong>quae</strong></span> <span class='ocrx_word' id='word_1_33' title='bbox 883 611 944 676; x_wconf 90' lang='lat' dir='ltr'><strong>tibi</strong></span> <span class='ocrx_word' id='word_1_34' title='bbox 965 614 1053 676; x_wconf 85' lang='lat' dir='ltr'><strong>secta</strong></span> <span class='ocrx_word' id='word_1_35' title='bbox 1075 611 1173 697; x_wconf 80' lang='lat' dir='ltr'><strong>uitae,</strong></span> 
     </span>
     <span class='ocr_line' id='line_1_6' title="bbox 180 696 1175 784; baseline -0.003 -20"><span class='ocrx_word' id='word_1_36' title='bbox 180 700 288 784; x_wconf 64' lang='lat' dir='ltr'><strong>equod</strong></span> <span class='ocrx_word' id='word_1_37' title='bbox 311 699 478 764; x_wconf 91' lang='lat' dir='ltr'><strong>hominum</strong></span> <span class='ocrx_word' id='word_1_38' title='bbox 494 719 596 782; x_wconf 80' lang='lat' dir='ltr'><strong>genus</strong></span> <span class='ocrx_word' id='word_1_39' title='bbox 617 697 759 781; x_wconf 81' lang='lat' dir='ltr'><strong>placeat3</strong></span> <span class='ocrx_word' id='word_1_40' title='bbox 784 700 817 760; x_wconf 89' lang='lat' dir='ltr'><strong>et</strong></span> <span class='ocrx_word' id='word_1_41' title='bbox 830 696 901 760; x_wconf 90' lang='lat' dir='ltr'><strong>ideo</strong></span> <span class='ocrx_word' id='word_1_42' title='bbox 923 717 990 760; x_wconf 90' lang='lat' dir='ltr'><strong>nou</strong></span> <span class='ocrx_word' id='word_1_43' title='bbox 1006 717 1175 761; x_wconf 89' lang='lat' dir='ltr'><strong>censuram</strong></span> 
     </span>
     <span class='ocr_line' id='line_1_7' title="bbox 205 781 1174 867; baseline -0.002 -19"><span class='ocrx_word' id='word_1_44' title='bbox 205 785 319 866; x_wconf 86' lang='lat' dir='ltr'><strong>adhuc,</strong></span> <span class='ocrx_word' id='word_1_45' title='bbox 344 806 410 849; x_wconf 89' lang='lat' dir='ltr'><strong>non</strong></span> <span class='ocrx_word' id='word_1_46' title='bbox 431 782 666 867; x_wconf 74' lang='lat' dir='ltr'><strong>praefecturam</strong></span> <span class='ocrx_word' id='word_1_47' title='bbox 688 801 813 845; x_wconf 88' lang='lat' dir='ltr'><strong>morum</strong></span> <span class='ocrx_word' id='word_1_48' title='bbox 834 781 993 864; x_wconf 84' lang='lat' dir='ltr'><strong>recepisti,</strong></span> <span class='ocrx_word' id='word_1_49' title='bbox 1017 783 1092 864; x_wconf 91' lang='lat' dir='ltr'><strong>quia</strong></span> <span class='ocrx_word' id='word_1_50' title='bbox 1113 783 1174 846; x_wconf 89' lang='lat' dir='ltr'><strong>tibi</strong></span> 
     </span>
     <span class='ocr_line' id='line_1_8' title="bbox 205 865 1174 950; baseline -0.002 -17"><span class='ocrx_word' id='word_1_51' title='bbox 205 868 368 934; x_wconf 86' lang='lat' dir='ltr'><strong>beneficiis</strong></span> <span class='ocrx_word' id='word_1_52' title='bbox 396 867 622 950; x_wconf 81' lang='lat' dir='ltr'><strong>potiusquam</strong></span> <span class='ocrx_word' id='word_1_53' title='bbox 650 866 798 930; x_wconf 83' lang='lat' dir='ltr'><strong>remediis</strong></span> <span class='ocrx_word' id='word_1_54' title='bbox 821 865 953 950; x_wconf 85' lang='lat' dir='ltr'><strong>ingenia</strong></span> <span class='ocrx_word' id='word_1_55' title='bbox 980 868 1091 930; x_wconf 88' lang='lat' dir='ltr'><strong>nostra</strong></span> <span class='ocrx_word' id='word_1_56' title='bbox 1121 887 1174 931; x_wconf 78' lang='lat' dir='ltr'><strong>er·</strong></span> 
     </span>
    </p>
   </div>
   <div class='ocr_carea' id='block_1_5' title="bbox 187 949 1280 1036">
    <p class='ocr_par' dir='ltr' id='par_1_5' title="bbox 187 949 1280 1036">
     <span class='ocr_line' id='line_1_9' title="bbox 187 949 1280 1036; baseline -0.001 -20"><span class='ocrx_word' id='word_1_57' title='bbox 187 953 302 1036; x_wconf 76' lang='lat' dir='ltr'><strong>&#39;periri</strong></span> <span class='ocrx_word' id='word_1_58' title='bbox 329 952 448 1036; x_wconf 88' lang='lat' dir='ltr'><strong>placet.</strong></span> <span class='ocrx_word' id='word_1_59' title='bbox 493 953 526 1014; x_wconf 90' lang='lat' dir='ltr'><strong>et</strong></span> <span class='ocrx_word' id='word_1_60' title='bbox 553 951 696 1035; x_wconf 87' lang='lat' dir='ltr'><strong>alioquin</strong></span> <span class='ocrx_word' id='word_1_61' title='bbox 723 951 831 1014; x_wconf 87' lang='lat' dir='ltr'><strong>nescio</strong></span> <span class='ocrx_word' id='word_1_62' title='bbox 861 972 901 1014; x_wconf 90' lang='lat' dir='ltr'><strong>au</strong></span> <span class='ocrx_word' id='word_1_63' title='bbox 930 949 1003 1033; x_wconf 91' lang='lat' dir='ltr'><strong>plus</strong></span> <span class='ocrx_word' id='word_1_64' title='bbox 1031 951 1173 1016; x_wconf 88' lang='lat' dir='ltr'><strong>moribus</strong></span> <span class='ocrx_word' id='word_1_65' title='bbox 1279 1023 1280 1026; x_wconf 8' lang='grc' dir='ltr'><strong>Ἴ</strong></span> 
     </span>
    </p>
   </div>
   <div class='ocr_carea' id='block_1_6' title="bbox 111 1035 1174 3229">
    <p class='ocr_par' dir='ltr' id='par_1_6' title="bbox 111 1035 1174 3229">
     <span class='ocr_line' id='line_1_10' title="bbox 207 1035 1174 1121; baseline -0.002 -20"><span class='ocrx_word' id='word_1_66' title='bbox 207 1037 353 1101; x_wconf 86' lang='lat' dir='ltr'><strong>conferat</strong></span> <span class='ocrx_word' id='word_1_67' title='bbox 373 1036 521 1121; x_wconf 87' lang='lat' dir='ltr'><strong>princeps</strong></span> <span class='ocrx_word' id='word_1_68' title='bbox 544 1035 600 1120; x_wconf 89' lang='lat' dir='ltr'><strong>qui</strong></span> <span class='ocrx_word' id='word_1_69' title='bbox 626 1035 728 1098; x_wconf 87' lang='lat' dir='ltr'><strong>bonos</strong></span> <span class='ocrx_word' id='word_1_70' title='bbox 757 1057 825 1099; x_wconf 88' lang='lat' dir='ltr'><strong>esse</strong></span> <span class='ocrx_word' id='word_1_71' title='bbox 853 1035 975 1118; x_wconf 88' lang='lat' dir='ltr'><strong>patitur</strong></span> <span class='ocrx_word' id='word_1_72' title='bbox 997 1055 1091 1118; x_wconf 89' lang='lat' dir='ltr'><strong>quam</strong></span> <span class='ocrx_word' id='word_1_73' title='bbox 1119 1037 1174 1119; x_wconf 90' lang='lat' dir='ltr'><strong>qui</strong></span> 
     </span>
     <span class='ocr_line' id='line_1_11' title="bbox 167 1119 1174 1206; baseline 0 -20"><span class='ocrx_word' id='word_1_74' title='bbox 167 1140 192 1178; x_wconf 88' lang='lat'><strong>10</strong></span> <span class='ocrx_word' id='word_1_75' title='bbox 206 1121 302 1206; x_wconf 81' lang='lat' dir='ltr'><strong>cogit.</strong></span> <span class='ocrx_word' id='word_1_76' title='bbox 339 1121 747 1204; x_wconf 83' lang='lat' dir='ltr'><strong>flexibilcs&#39;quamcumque</strong></span> <span class='ocrx_word' id='word_1_77' title='bbox 775 1121 810 1184; x_wconf 93' lang='lat' dir='ltr'><strong>in</strong></span> <span class='ocrx_word' id='word_1_78' title='bbox 837 1122 963 1202; x_wconf 86' lang='lat' dir='ltr'><strong>partem</strong></span> <span class='ocrx_word' id='word_1_79' title='bbox 985 1119 1132 1183; x_wconf 90' lang='lat' dir='ltr'><strong>ducimur</strong></span> <span class='ocrx_word' id='word_1_80' title='bbox 1155 1143 1174 1186; x_wconf 83' lang='lat' dir='ltr'><strong>a</strong></span> 
     </span>
     <span class='ocr_line' id='line_1_12' title="bbox 203 1203 1173 1290; baseline -0.001 -20"><span class='ocrx_word' id='word_1_81' title='bbox 203 1206 351 1290; x_wconf 82' lang='lat' dir='ltr'><strong>principe</strong></span> <span class='ocrx_word' id='word_1_82' title='bbox 373 1209 477 1288; x_wconf 81' lang='lat' dir='ltr'><strong>atque,</strong></span> <span class='ocrx_word' id='word_1_83' title='bbox 500 1209 537 1268; x_wconf 91' lang='lat' dir='ltr'><strong>ut</strong></span> <span class='ocrx_word' id='word_1_84' title='bbox 558 1205 605 1268; x_wconf 88' lang='lat' dir='ltr'><strong>ita</strong></span> <span class='ocrx_word' id='word_1_85' title='bbox 627 1204 740 1288; x_wconf 82' lang='lat' dir='ltr'><strong>dicam,</strong></span> <span class='ocrx_word' id='word_1_86' title='bbox 770 1225 922 1288; x_wconf 81' lang='lat' dir='ltr'><strong>sequaces</strong></span> <span class='ocrx_word' id='word_1_87' title='bbox 945 1225 1068 1268; x_wconf 90' lang='lat' dir='ltr'><strong>sumus:</strong></span> <span class='ocrx_word' id='word_1_88' title='bbox 1097 1203 1173 1269; x_wconf 88' lang='lat' dir='ltr'><strong>huic</strong></span> 
     </span>
     <span class='ocr_line' id='line_1_13' title="bbox 204 1288 1174 1372; baseline -0.001 -18"><span class='ocrx_word' id='word_1_89' title='bbox 204 1291 291 1355; x_wconf 87' lang='lat' dir='ltr'><strong>enim</strong></span> <span class='ocrx_word' id='word_1_90' title='bbox 314 1291 389 1372; x_wconf 88' lang='lat' dir='ltr'><strong>cari,</strong></span> <span class='ocrx_word' id='word_1_91' title='bbox 411 1291 486 1354; x_wconf 89' lang='lat' dir='ltr'><strong>huic</strong></span> <span class='ocrx_word' id='word_1_92' title='bbox 507 1288 635 1372; x_wconf 87' lang='lat' dir='ltr'><strong>probati</strong></span> <span class='ocrx_word' id='word_1_93' title='bbox 663 1309 731 1352; x_wconf 86' lang='lat' dir='ltr'><strong>csse</strong></span> <span class='ocrx_word' id='word_1_94' title='bbox 760 1289 913 1372; x_wconf 89' lang='lat' dir='ltr'><strong>cupimus,</strong></span> <span class='ocrx_word' id='word_1_95' title='bbox 941 1288 1025 1372; x_wconf 90' lang='lat' dir='ltr'><strong>quod</strong></span> <span class='ocrx_word' id='word_1_96' title='bbox 1051 1288 1174 1353; x_wconf 86' lang='lat' dir='ltr'><strong>frustra</strong></span> 
     </span>
     <span class='ocr_line' id='line_1_14' title="bbox 205 1373 1172 1458; baseline 0 -20"><span class='ocrx_word' id='word_1_97' title='bbox 205 1375 409 1458; x_wconf 89' lang='lat' dir='ltr'><strong>sperauerint</strong></span> <span class='ocrx_word' id='word_1_98' title='bbox 431 1374 618 1458; x_wconf 76' lang='lat' dir='ltr'><strong>dissimiles3</strong></span> <span class='ocrx_word' id='word_1_99' title='bbox 643 1394 740 1456; x_wconf 89' lang='lat' dir='ltr'><strong>eoque</strong></span> <span class='ocrx_word' id='word_1_100' title='bbox 763 1373 907 1457; x_wconf 90' lang='lat' dir='ltr'><strong>obsequii</strong></span> <span class='ocrx_word' id='word_1_101' title='bbox 930 1373 1172 1438; x_wconf 87' lang='lat' dir='ltr'><strong>continuatione</strong></span> 
     </span>
     <span class='ocr_line' id='line_1_15' title="bbox 205 1456 1172 1543; baseline 0 -19"><span class='ocrx_word' id='word_1_102' title='bbox 205 1460 408 1543; x_wconf 88' lang='lat' dir='ltr'><strong>peruenimus</strong></span> <span class='ocrx_word' id='word_1_103' title='bbox 430 1462 467 1523; x_wconf 90' lang='lat' dir='ltr'><strong>ut</strong></span> <span class='ocrx_word' id='word_1_104' title='bbox 488 1479 588 1542; x_wconf 88' lang='lat' dir='ltr'><strong>prope</strong></span> <span class='ocrx_word' id='word_1_105' title='bbox 611 1479 721 1522; x_wconf 86' lang='lat' dir='ltr'><strong>omnes</strong></span> <span class='ocrx_word' id='word_1_106' title='bbox 743 1456 884 1522; x_wconf 89' lang='lat' dir='ltr'><strong>hominis</strong></span> <span class='ocrx_word' id='word_1_107' title='bbox 907 1457 1000 1521; x_wconf 87' lang='lat' dir='ltr'><strong>unius</strong></span> <span class='ocrx_word' id='word_1_108' title='bbox 1029 1458 1172 1524; x_wconf 88' lang='lat' dir='ltr'><strong>moribus</strong></span> 
     </span>
     <span class='ocr_line' id='line_1_16' title="bbox 167 1541 1172 1627; baseline 0 -20"><span class='ocrx_word' id='word_1_109' title='bbox 167 1560 191 1599; x_wconf 82' lang='lat'><strong>1⁵</strong></span> <span class='ocrx_word' id='word_1_110' title='bbox 205 1545 361 1608; x_wconf 86' lang='lat' dir='ltr'><strong>uiuamus.</strong></span> <span class='ocrx_word' id='word_1_111' title='bbox 404 1565 500 1627; x_wconf 88' lang='lat' dir='ltr'><strong>porro</strong></span> <span class='ocrx_word' id='word_1_112' title='bbox 528 1563 595 1606; x_wconf 89' lang='lat' dir='ltr'><strong>nou</strong></span> <span class='ocrx_word' id='word_1_113' title='bbox 623 1544 690 1627; x_wconf 83' lang='lat' dir='ltr'><strong>tam</strong></span> <span class='ocrx_word' id='word_1_114' title='bbox 719 1543 848 1607; x_wconf 87' lang='lat' dir='ltr'><strong>sinistre</strong></span> <span class='ocrx_word' id='word_1_115' title='bbox 881 1541 1091 1606; x_wconf 88' lang='lat' dir='ltr'><strong>constitutum</strong></span> <span class='ocrx_word' id='word_1_116' title='bbox 1123 1547 1172 1607; x_wconf 87' lang='lat' dir='ltr'><strong>est</strong></span> 
     </span>
     <span class='ocr_line' id='line_1_17' title="bbox 203 1627 1172 1726; baseline 0 -35"><span class='ocrx_word' id='word_1_117' title='bbox 203 1633 251 1711; x_wconf 86' lang='lat' dir='ltr'><strong>ut,</strong></span> <span class='ocrx_word' id='word_1_118' title='bbox 286 1629 341 1712; x_wconf 91' lang='lat' dir='ltr'><strong>qui</strong></span> <span class='ocrx_word' id='word_1_119' title='bbox 376 1628 502 1726; x_wconf 71' lang='lat' dir='ltr'><strong>maium</strong></span> <span class='ocrx_word' id='word_1_120' title='bbox 528 1627 707 1713; x_wconf 86' lang='lat' dir='ltr'><strong>principem</strong></span> <span class='ocrx_word' id='word_1_121' title='bbox 739 1648 916 1710; x_wconf 88' lang='lat' dir='ltr'><strong>possumus,</strong></span> <span class='ocrx_word' id='word_1_122' title='bbox 955 1627 1076 1724; x_wconf 81' lang='lat' dir='ltr'><strong>bonum</strong></span> <span class='ocrx_word' id='word_1_123' title='bbox 1105 1649 1172 1692; x_wconf 90' lang='lat' dir='ltr'><strong>non</strong></span> 
     </span>
     <span class='ocr_line' id='line_1_18' title="bbox 111 1710 1171 1882; baseline -0.017 -20"><span class='ocrx_word' id='word_1_124' title='bbox 111 1790 113 1798; x_wconf 50' lang='lat'><strong><em>¹</em></strong></span> <span class='ocrx_word' id='word_1_125' title='bbox 203 1734 361 1882; x_wconf 64' lang='lat' dir='ltr'><strong>{sss}</strong></span> <span class='ocrx_word' id='word_1_126' title='bbox 375 1717 526 1862; x_wconf 61' lang='lat' dir='ltr'><strong>tritt</strong></span> <span class='ocrx_word' id='word_1_127' title='bbox 541 1710 1171 1880; x_wconf 54' lang='lat' dir='ltr'><strong>ssstssttrdfflbstessi:</strong></span> 
     </span>
     <span class='ocr_line' id='line_1_19' title="bbox 203 1881 1171 1964; baseline -0.001 -18"><span class='ocrx_word' id='word_1_128' title='bbox 203 1883 293 1946; x_wconf 90' lang='lat' dir='ltr'><strong>bunt.</strong></span> <span class='ocrx_word' id='word_1_129' title='bbox 332 1904 407 1945; x_wconf 89' lang='lat' dir='ltr'><strong>nam</strong></span> <span class='ocrx_word' id='word_1_130' title='bbox 429 1883 497 1946; x_wconf 88' lang='lat' dir='ltr'><strong>uita</strong></span> <span class='ocrx_word' id='word_1_131' title='bbox 520 1881 674 1963; x_wconf 88' lang='lat' dir='ltr'><strong>principis</strong></span> <span class='ocrx_word' id='word_1_132' title='bbox 697 1901 831 1945; x_wconf 86' lang='lat' dir='ltr'><strong>censura</strong></span> <span class='ocrx_word' id='word_1_133' title='bbox 859 1884 908 1944; x_wconf 89' lang='lat' dir='ltr'><strong>est</strong></span> <span class='ocrx_word' id='word_1_134' title='bbox 937 1901 1037 1964; x_wconf 91' lang='lat' dir='ltr'><strong>eaque</strong></span> <span class='ocrx_word' id='word_1_135' title='bbox 1059 1903 1171 1964; x_wconf 90' lang='lat' dir='ltr'><strong>perpe·</strong></span> 
     </span>
     <span class='ocr_line' id='line_1_20' title="bbox 165 1965 1171 2049; baseline -0.001 -18"><span class='ocrx_word' id='word_1_136' title='bbox 165 1983 190 2022; x_wconf 75' lang='lat'><strong>20</strong></span> <span class='ocrx_word' id='word_1_137' title='bbox 204 1970 280 2031; x_wconf 89' lang='lat' dir='ltr'><strong>tua:</strong></span> <span class='ocrx_word' id='word_1_138' title='bbox 304 1967 343 2030; x_wconf 84' lang='lat' dir='ltr'><strong>sd</strong></span> <span class='ocrx_word' id='word_1_139' title='bbox 365 1966 448 2030; x_wconf 88' lang='lat' dir='ltr'><strong>hauc</strong></span> <span class='ocrx_word' id='word_1_140' title='bbox 470 1965 649 2048; x_wconf 81' lang='lat' dir='ltr'><strong>dirigimur,</strong></span> <span class='ocrx_word' id='word_1_141' title='bbox 678 1966 717 2028; x_wconf 92' lang='lat' dir='ltr'><strong>ad</strong></span> <span class='ocrx_word' id='word_1_142' title='bbox 745 1965 828 2029; x_wconf 89' lang='lat' dir='ltr'><strong>hanc</strong></span> <span class='ocrx_word' id='word_1_143' title='bbox 858 1965 1083 2049; x_wconf 80' lang='lat' dir='ltr'><strong>conuertimur,</strong></span> <span class='ocrx_word' id='word_1_144' title='bbox 1110 1987 1171 2030; x_wconf 89' lang='lat' dir='ltr'><strong>nec</strong></span> 
     </span>
     <span class='ocr_line' id='line_1_21' title="bbox 203 2049 1172 2134; baseline 0 -20"><span class='ocrx_word' id='word_1_145' title='bbox 203 2055 271 2114; x_wconf 85' lang='lat' dir='ltr'><strong>tam</strong></span> <span class='ocrx_word' id='word_1_146' title='bbox 294 2051 428 2133; x_wconf 89' lang='lat' dir='ltr'><strong>imperio</strong></span> <span class='ocrx_word' id='word_1_147' title='bbox 451 2050 544 2113; x_wconf 89' lang='lat' dir='ltr'><strong>uobis</strong></span> <span class='ocrx_word' id='word_1_148' title='bbox 567 2070 645 2131; x_wconf 88' lang='lat' dir='ltr'><strong>opus</strong></span> <span class='ocrx_word' id='word_1_149' title='bbox 668 2053 718 2113; x_wconf 87' lang='lat' dir='ltr'><strong>est</strong></span> <span class='ocrx_word' id='word_1_150' title='bbox 739 2071 834 2134; x_wconf 86' lang='lat' dir='ltr'><strong>quam</strong></span> <span class='ocrx_word' id='word_1_151' title='bbox 856 2049 1010 2133; x_wconf 83' lang='lat' dir='ltr'><strong>exemplo.</strong></span> <span class='ocrx_word' id='word_1_152' title='bbox 1052 2051 1172 2134; x_wconf 89' lang='lat' dir='ltr'><strong>quippe</strong></span> 
     </span>
     <span class='ocr_line' id='line_1_22' title="bbox 203 2133 1172 2217; baseline 0.002 -20"><span class='ocrx_word' id='word_1_153' title='bbox 203 2134 341 2198; x_wconf 85' lang='lat' dir='ltr'><strong>infidelis</strong></span> <span class='ocrx_word' id='word_1_154' title='bbox 369 2133 449 2198; x_wconf 89' lang='lat' dir='ltr'><strong>recti</strong></span> <span class='ocrx_word' id='word_1_155' title='bbox 476 2133 630 2217; x_wconf 86' lang='lat' dir='ltr'><strong>magister</strong></span> <span class='ocrx_word' id='word_1_156' title='bbox 658 2137 707 2198; x_wconf 92' lang='lat' dir='ltr'><strong>est</strong></span> <span class='ocrx_word' id='word_1_157' title='bbox 730 2139 841 2198; x_wconf 88' lang='lat' dir='ltr'><strong>metus.</strong></span> <span class='ocrx_word' id='word_1_158' title='bbox 883 2134 997 2198; x_wconf 88' lang='lat' dir='ltr'><strong>melius</strong></span> <span class='ocrx_word' id='word_1_159' title='bbox 1024 2133 1172 2200; x_wconf 85' lang='lat' dir='ltr'><strong>homines</strong></span> 
     </span>
     <span class='ocr_line' id='line_1_23' title="bbox 181 2217 1171 2302; baseline 0 -20"><span class='ocrx_word' id='word_1_160' title='bbox 181 2219 357 2301; x_wconf 77' lang='lat' dir='ltr'><strong>exemplis</strong></span> <span class='ocrx_word' id='word_1_161' title='bbox 386 2219 550 2298; x_wconf 86' lang='lat' dir='ltr'><strong>docentur,</strong></span> <span class='ocrx_word' id='word_1_162' title='bbox 579 2238 659 2300; x_wconf 90' lang='lat' dir='ltr'><strong>quae</strong></span> <span class='ocrx_word' id='word_1_163' title='bbox 687 2222 722 2283; x_wconf 91' lang='lat' dir='ltr'><strong>in</strong></span> <span class='ocrx_word' id='word_1_164' title='bbox 750 2219 862 2302; x_wconf 88' lang='lat' dir='ltr'><strong>primis</strong></span> <span class='ocrx_word' id='word_1_165' title='bbox 891 2217 952 2283; x_wconf 87' lang='lat' dir='ltr'><strong>hoc</strong></span> <span class='ocrx_word' id='word_1_166' title='bbox 980 2219 1015 2282; x_wconf 87' lang='lat' dir='ltr'><strong>in</strong></span> <span class='ocrx_word' id='word_1_167' title='bbox 1037 2241 1071 2283; x_wconf 89' lang='lat' dir='ltr'><strong>se</strong></span> <span class='ocrx_word' id='word_1_168' title='bbox 1094 2220 1171 2283; x_wconf 90' lang='lat' dir='ltr'><strong>boui</strong></span> 
     </span>
     <span class='ocr_line' id='line_1_24' title="bbox 203 2302 1168 2401; baseline 0.005 -37"><span class='ocrx_word' id='word_1_169' title='bbox 203 2302 326 2366; x_wconf 91' lang='lat' dir='ltr'><strong>habent</strong></span> <span class='ocrx_word' id='word_1_170' title='bbox 368 2302 430 2366; x_wconf 89' lang='lat' dir='ltr'><strong>uod</strong></span> <span class='ocrx_word' id='word_1_171' title='bbox 453 2302 635 2385; x_wconf 87' lang='lat' dir='ltr'><strong>approbant</strong></span> <span class='ocrx_word' id='word_1_172' title='bbox 650 2324 732 2386; x_wconf 90' lang='lat' dir='ltr'><strong>quae</strong></span> <span class='ocrx_word' id='word_1_173' title='bbox 754 2303 956 2401; x_wconf 89' lang='lat' dir='ltr'><strong>praecipiunt</strong></span> <span class='ocrx_word' id='word_1_174' title='bbox 976 2302 1046 2366; x_wconf 87' lang='lat' dir='ltr'><strong>fieri</strong></span> <span class='ocrx_word' id='word_1_175' title='bbox 1067 2325 1168 2386; x_wconf 87' lang='lat' dir='ltr'><strong>posse.</strong></span> 
     </span>
     <span class='ocr_line' id='line_1_25' title="bbox 162 2323 1170 2470; baseline 0.011 -30"><span class='ocrx_word' id='word_1_176' title='bbox 162 2402 190 2442; x_wconf 76' lang='lat' dir='ltr'><strong>rs</strong></span> <span class='ocrx_word' id='word_1_177' title='bbox 268 2323 383 2460; x_wconf 50' lang='lat' dir='ltr'><strong>XLVi.</strong></span> <span class='ocrx_word' id='word_1_178' title='bbox 414 2387 459 2450; x_wconf 81' lang='lat' dir='ltr'><strong>Et</strong></span> <span class='ocrx_word' id='word_1_179' title='bbox 474 2387 544 2470; x_wconf 90' lang='lat' dir='ltr'><strong>quis</strong></span> <span class='ocrx_word' id='word_1_180' title='bbox 558 2388 662 2450; x_wconf 89' lang='lat' dir='ltr'><strong>terror</strong></span> <span class='ocrx_word' id='word_1_181' title='bbox 676 2388 829 2452; x_wconf 78' lang='lat' dir='ltr'><strong>ualuisset</strong></span> <span class='ocrx_word' id='word_1_182' title='bbox 844 2387 970 2452; x_wconf 89' lang='lat' dir='ltr'><strong>efficere</strong></span> <span class='ocrx_word' id='word_1_183' title='bbox 986 2387 1068 2470; x_wconf 90' lang='lat' dir='ltr'><strong>quod</strong></span> <span class='ocrx_word' id='word_1_184' title='bbox 1082 2409 1170 2452; x_wconf 88' lang='lat' dir='ltr'><strong>reue-</strong></span> 
     </span>
     <span class='ocr_line' id='line_1_26' title="bbox 202 2470 1169 2556; baseline 0.002 -22"><span class='ocrx_word' id='word_1_185' title='bbox 202 2471 309 2535; x_wconf 87' lang='lat' dir='ltr'><strong>rentia</strong></span> <span class='ocrx_word' id='word_1_186' title='bbox 323 2472 371 2535; x_wconf 91' lang='lat' dir='ltr'><strong>tui</strong></span> <span class='ocrx_word' id='word_1_187' title='bbox 386 2470 512 2537; x_wconf 79' lang='lat' dir='ltr'><strong>effecit?</strong></span> <span class='ocrx_word' id='word_1_188' title='bbox 530 2471 672 2536; x_wconf 90' lang='lat' dir='ltr'><strong>obtinuit</strong></span> <span class='ocrx_word' id='word_1_189' title='bbox 683 2472 799 2556; x_wconf 89' lang='lat' dir='ltr'><strong>aliquis</strong></span> <span class='ocrx_word' id='word_1_190' title='bbox 814 2476 850 2536; x_wconf 89' lang='lat' dir='ltr'><strong>ut</strong></span> <span class='ocrx_word' id='word_1_191' title='bbox 864 2472 1081 2555; x_wconf 87' lang='lat' dir='ltr'><strong>spectaculum</strong></span> <span class='ocrx_word' id='word_1_192' title='bbox 1092 2493 1169 2556; x_wconf 89' lang='lat' dir='ltr'><strong>pan·</strong></span> 
     </span>
     <span class='ocr_line' id='line_1_27' title="bbox 203 2555 1170 2640; baseline 0.001 -20"><span class='ocrx_word' id='word_1_193' title='bbox 203 2556 410 2620; x_wconf 90' lang='lat' dir='ltr'><strong>tomimorum</strong></span> <span class='ocrx_word' id='word_1_194' title='bbox 424 2555 561 2639; x_wconf 89' lang='lat' dir='ltr'><strong>populus</strong></span> <span class='ocrx_word' id='word_1_195' title='bbox 577 2555 741 2620; x_wconf 86' lang='lat' dir='ltr'><strong>Romanus</strong></span> <span class='ocrx_word' id='word_1_196' title='bbox 756 2555 827 2620; x_wconf 86' lang='lat' dir='ltr'><strong>tolli</strong></span> <span class='ocrx_word' id='word_1_197' title='bbox 841 2559 1014 2640; x_wconf 86' lang='lat' dir='ltr'><strong>pateretur,</strong></span> <span class='ocrx_word' id='word_1_198' title='bbox 1032 2556 1087 2620; x_wconf 90' lang='lat' dir='ltr'><strong>sed</strong></span> <span class='ocrx_word' id='word_1_199' title='bbox 1102 2578 1170 2621; x_wconf 91' lang='lat' dir='ltr'><strong>nou</strong></span> 
     </span>
     <span class='ocr_line' id='line_1_28' title="bbox 203 2639 1169 2724; baseline 0.003 -22"><span class='ocrx_word' id='word_1_200' title='bbox 203 2639 345 2703; x_wconf 91' lang='lat' dir='ltr'><strong>obtinuit</strong></span> <span class='ocrx_word' id='word_1_201' title='bbox 366 2644 402 2703; x_wconf 93' lang='lat' dir='ltr'><strong>ut</strong></span> <span class='ocrx_word' id='word_1_202' title='bbox 418 2639 532 2704; x_wconf 89' lang='lat' dir='ltr'><strong>uellet:</strong></span> <span class='ocrx_word' id='word_1_203' title='bbox 555 2645 688 2722; x_wconf 84' lang='lat' dir='ltr'><strong>rogatus</strong></span> <span class='ocrx_word' id='word_1_204' title='bbox 711 2662 745 2704; x_wconf 90' lang='lat' dir='ltr'><strong>cs</strong></span> <span class='ocrx_word' id='word_1_205' title='bbox 767 2644 802 2704; x_wconf 90' lang='lat' dir='ltr'><strong>tu</strong></span> <span class='ocrx_word' id='word_1_206' title='bbox 825 2642 909 2724; x_wconf 91' lang='lat' dir='ltr'><strong>quod</strong></span> <span class='ocrx_word' id='word_1_207' title='bbox 929 2642 1064 2724; x_wconf 82' lang='lat' dir='ltr'><strong>cogebat</strong></span> <span class='ocrx_word' id='word_1_208' title='bbox 1078 2642 1169 2720; x_wconf 83' lang='lat' dir='ltr'><strong>alius,</strong></span> 
     </span>
     <span class='ocr_line' id='line_1_29' title="bbox 204 2725 1168 2808; baseline 0.002 -21"><span class='ocrx_word' id='word_1_209' title='bbox 204 2725 371 2808; x_wconf 83' lang='lat' dir='ltr'><strong>coepitque</strong></span> <span class='ocrx_word' id='word_1_210' title='bbox 406 2746 474 2789; x_wconf 89' lang='lat' dir='ltr'><strong>esse</strong></span> <span class='ocrx_word' id='word_1_211' title='bbox 508 2725 699 2789; x_wconf 87' lang='lat' dir='ltr'><strong>beneficium</strong></span> <span class='ocrx_word' id='word_1_212' title='bbox 727 2726 812 2808; x_wconf 91' lang='lat' dir='ltr'><strong>quod</strong></span> <span class='ocrx_word' id='word_1_213' title='bbox 843 2726 1019 2790; x_wconf 87' lang='lat' dir='ltr'><strong>necessitas</strong></span> <span class='ocrx_word' id='word_1_214' title='bbox 1052 2725 1168 2789; x_wconf 88' lang='lat' dir='ltr'><strong>fuerat.</strong></span> 
     </span>
     <span class='ocr_line' id='line_1_30' title="bbox 164 2809 1169 2893; baseline 0.002 -21"><span class='ocrx_word' id='word_1_215' title='bbox 164 2825 189 2864; x_wconf 74' lang='lat'><strong>³0</strong></span> <span class='ocrx_word' id='word_1_216' title='bbox 202 2831 306 2893; x_wconf 88' lang='lat' dir='ltr'><strong>neque</strong></span> <span class='ocrx_word' id='word_1_217' title='bbox 328 2809 415 2873; x_wconf 91' lang='lat' dir='ltr'><strong>enim</strong></span> <span class='ocrx_word' id='word_1_218' title='bbox 437 2831 456 2873; x_wconf 89' lang='lat' dir='ltr'><strong>a</strong></span> <span class='ocrx_word' id='word_1_219' title='bbox 478 2813 510 2874; x_wconf 87' lang='lat' dir='ltr'><strong>tc</strong></span> <span class='ocrx_word' id='word_1_220' title='bbox 532 2809 655 2874; x_wconf 89' lang='lat' dir='ltr'><strong>minore</strong></span> <span class='ocrx_word' id='word_1_221' title='bbox 668 2812 825 2875; x_wconf 88' lang='lat' dir='ltr'><strong>concentu</strong></span> <span class='ocrx_word' id='word_1_222' title='bbox 848 2813 885 2874; x_wconf 90' lang='lat' dir='ltr'><strong>ut</strong></span> <span class='ocrx_word' id='word_1_223' title='bbox 906 2811 1035 2874; x_wconf 88' lang='lat' dir='ltr'><strong>tolleres</strong></span> <span class='ocrx_word' id='word_1_224' title='bbox 1057 2813 1169 2893; x_wconf 85' lang='lat' dir='ltr'><strong>panto·</strong></span> 
     </span>
     <span class='ocr_line' id='line_1_31' title="bbox 202 2894 1168 2978; baseline 0.001 -20"><span class='ocrx_word' id='word_1_225' title='bbox 202 2895 315 2958; x_wconf 88' lang='lat' dir='ltr'><strong>mimos</strong></span> <span class='ocrx_word' id='word_1_226' title='bbox 337 2916 433 2978; x_wconf 90' lang='lat' dir='ltr'><strong>quam</strong></span> <span class='ocrx_word' id='word_1_227' title='bbox 455 2917 474 2958; x_wconf 87' lang='lat' dir='ltr'><strong>a</strong></span> <span class='ocrx_word' id='word_1_228' title='bbox 496 2898 587 2977; x_wconf 87' lang='lat' dir='ltr'><strong>patre</strong></span> <span class='ocrx_word' id='word_1_229' title='bbox 609 2897 665 2958; x_wconf 88' lang='lat' dir='ltr'><strong>tuo</strong></span> <span class='ocrx_word' id='word_1_230' title='bbox 687 2898 724 2959; x_wconf 88' lang='lat' dir='ltr'><strong>ut</strong></span> <span class='ocrx_word' id='word_1_231' title='bbox 744 2894 927 2959; x_wconf 87' lang='lat' dir='ltr'><strong>restitueret</strong></span> <span class='ocrx_word' id='word_1_232' title='bbox 942 2897 1089 2958; x_wconf 85' lang='lat' dir='ltr'><strong>exactum</strong></span> <span class='ocrx_word' id='word_1_233' title='bbox 1111 2897 1168 2959; x_wconf 89' lang='lat' dir='ltr'><strong>cst.</strong></span> 
     </span>
     <span class='ocr_line' id='line_1_32' title="bbox 131 2978 1169 3063; baseline 0.002 -22"><span class='ocrx_word' id='word_1_234' title='bbox 131 2985 134 2990; x_wconf 81' lang='grc'>’</span> <span class='ocrx_word' id='word_1_235' title='bbox 202 2982 371 3062; x_wconf 90' lang='lat' dir='ltr'><strong>utrumque</strong></span> <span class='ocrx_word' id='word_1_236' title='bbox 405 2982 506 3042; x_wconf 90' lang='lat' dir='ltr'><strong>recte:</strong></span> <span class='ocrx_word' id='word_1_237' title='bbox 547 3001 625 3042; x_wconf 91' lang='lat' dir='ltr'><strong>nam</strong></span> <span class='ocrx_word' id='word_1_238' title='bbox 658 2982 691 3043; x_wconf 92' lang='lat' dir='ltr'><strong>et</strong></span> <span class='ocrx_word' id='word_1_239' title='bbox 722 2978 848 3045; x_wconf 90' lang='lat' dir='ltr'><strong>restitui</strong></span> <span class='ocrx_word' id='word_1_240' title='bbox 887 2979 1056 3063; x_wconf 84' lang='lat' dir='ltr'><strong>oportebat</strong></span> <span class='ocrx_word' id='word_1_241' title='bbox 1088 3000 1169 3063; x_wconf 92' lang='lat' dir='ltr'><strong>quos</strong></span> 
     </span>
     <span class='ocr_line' id='line_1_33' title="bbox 202 3063 1169 3147; baseline 0.002 -22"><span class='ocrx_word' id='word_1_242' title='bbox 202 3063 375 3126; x_wconf 85' lang='lat' dir='ltr'><strong>sustulerat</strong></span> <span class='ocrx_word' id='word_1_243' title='bbox 395 3063 499 3127; x_wconf 87' lang='lat' dir='ltr'><strong>malus</strong></span> <span class='ocrx_word' id='word_1_244' title='bbox 521 3063 671 3147; x_wconf 90' lang='lat' dir='ltr'><strong>princeps</strong></span> <span class='ocrx_word' id='word_1_245' title='bbox 695 3066 727 3127; x_wconf 92' lang='lat' dir='ltr'><strong>et</strong></span> <span class='ocrx_word' id='word_1_246' title='bbox 747 3064 818 3128; x_wconf 87' lang='lat' dir='ltr'><strong>tolli</strong></span> <span class='ocrx_word' id='word_1_247' title='bbox 840 3063 1017 3128; x_wconf 82' lang='lat' dir='ltr'><strong>restitutos</strong></span> <span class='ocrx_word' id='word_1_248' title='bbox 1059 3065 1095 3127; x_wconf 91' lang='lat' dir='ltr'><strong>in</strong></span> <span class='ocrx_word' id='word_1_249' title='bbox 1117 3063 1169 3127; x_wconf 88' lang='lat' dir='ltr'><strong>his</strong></span> 
     </span>
     <span class='ocr_line' id='line_1_34' title="bbox 202 3147 1169 3229; baseline 0.003 -20"><span class='ocrx_word' id='word_1_250' title='bbox 202 3147 287 3210; x_wconf 91' lang='lat' dir='ltr'><strong>euim</strong></span> <span class='ocrx_word' id='word_1_251' title='bbox 309 3169 390 3229; x_wconf 89' lang='lat' dir='ltr'><strong>quae</strong></span> <span class='ocrx_word' id='word_1_252' title='bbox 413 3169 431 3210; x_wconf 91' lang='lat' dir='ltr'><strong>a</strong></span> <span class='ocrx_word' id='word_1_253' title='bbox 453 3147 545 3212; x_wconf 87' lang='lat' dir='ltr'><strong>malis</strong></span> <span class='ocrx_word' id='word_1_254' title='bbox 567 3147 648 3210; x_wconf 90' lang='lat' dir='ltr'><strong>bene</strong></span> <span class='ocrx_word' id='word_1_255' title='bbox 670 3148 752 3211; x_wconf 84' lang='lat' dir='ltr'><strong>fiunt</strong></span> <span class='ocrx_word' id='word_1_256' title='bbox 773 3147 826 3211; x_wconf 90' lang='lat' dir='ltr'><strong>hic</strong></span> <span class='ocrx_word' id='word_1_257' title='bbox 848 3148 1005 3213; x_wconf 86' lang='lat' dir='ltr'><strong>tenendus</strong></span> <span class='ocrx_word' id='word_1_258' title='bbox 1028 3152 1076 3212; x_wconf 90' lang='lat' dir='ltr'><strong>est</strong></span> <span class='ocrx_word' id='word_1_259' title='bbox 1103 3169 1169 3212; x_wconf 89' lang='lat' dir='ltr'><strong>mo-</strong></span> 
     </span>
    </p>
   </div>
   <div class='ocr_carea' id='block_1_7' title="bbox 202 3269 405 3278">
    <p class='ocr_par' dir='ltr' id='par_1_7' title="bbox 202 3269 405 3278">
     <span class='ocr_line' id='line_1_35' title="bbox 202 3269 405 3278; baseline 0.015 -3"><span class='ocrx_word' id='word_1_260' title='bbox 202 3269 405 3278; x_wconf 57' lang='lat'><strong>———-.-..</strong></span> 
     </span>
    </p>
   </div>
   <div class='ocr_carea' id='block_1_8' title="bbox 201 3331 1169 3600">
    <p class='ocr_par' dir='ltr' id='par_1_8' title="bbox 201 3331 1169 3600">
     <span class='ocr_line' id='line_1_36' title="bbox 270 3331 1166 3402; baseline 0.002 -18"><span class='ocrx_word' id='word_1_261' title='bbox 270 3337 285 3384; x_wconf 86' lang='lat'>3</span> <span class='ocrx_word' id='word_1_262' title='bbox 304 3333 423 3386; x_wconf 88' lang='lat' dir='ltr'><strong>dominio</strong></span> <span class='ocrx_word' id='word_1_263' title='bbox 441 3348 465 3382; x_wconf 86' lang='lat' dir='ltr'><strong>w</strong></span> <span class='ocrx_word' id='word_1_264' title='bbox 486 3333 496 3399; x_wconf 87' lang='grc' dir='ltr'><strong>ΙΙ</strong></span> <span class='ocrx_word' id='word_1_265' title='bbox 517 3337 532 3386; x_wconf 87' lang='grc'><strong>7</strong></span> <span class='ocrx_word' id='word_1_266' title='bbox 552 3331 653 3400; x_wconf 85' lang='lat' dir='ltr'><strong>potius]</strong></span> <span class='ocrx_word' id='word_1_267' title='bbox 673 3335 748 3398; x_wconf 88' lang='lat' dir='ltr'><strong>prius</strong></span> <span class='ocrx_word' id='word_1_268' title='bbox 767 3336 786 3383; x_wconf 80' lang='lat' dir='ltr'>B</span> <span class='ocrx_word' id='word_1_269' title='bbox 803 3338 826 3384; x_wconf 80' lang='lat' dir='ltr'>V</span> <span class='ocrx_word' id='word_1_270' title='bbox 848 3333 858 3401; x_wconf 85' lang='grc' dir='ltr'><strong>ΙΙ</strong></span> <span class='ocrx_word' id='word_1_271' title='bbox 881 3339 912 3388; x_wconf 87' lang='grc'><strong>10</strong></span> <span class='ocrx_word' id='word_1_272' title='bbox 931 3334 1015 3402; x_wconf 81' lang='lat' dir='ltr'><strong>cogit]</strong></span> <span class='ocrx_word' id='word_1_273' title='bbox 1033 3338 1105 3402; x_wconf 83' lang='lat' dir='ltr'><strong>tegit</strong></span> <span class='ocrx_word' id='word_1_274' title='bbox 1122 3339 1139 3385; x_wconf 80' lang='grc'><strong>0</strong></span> <span class='ocrx_word' id='word_1_275' title='bbox 1163 3335 1166 3401; x_wconf 73' lang='lat' dir='ltr'><strong>t</strong></span> 
     </span>
     <span class='ocr_line' id='line_1_37' title="bbox 202 3401 1169 3469; baseline 0.003 -19"><span class='ocrx_word' id='word_1_276' title='bbox 202 3407 305 3466; x_wconf 79' lang='lat' dir='ltr'><strong>patrem</strong></span> <span class='ocrx_word' id='word_1_277' title='bbox 323 3404 356 3450; x_wconf 84' lang='lat' dir='ltr'>W</span> <span class='ocrx_word' id='word_1_278' title='bbox 376 3401 386 3468; x_wconf 84' lang='grc' dir='ltr'><strong>ΙΙ</strong></span> <span class='ocrx_word' id='word_1_279' title='bbox 410 3405 440 3453; x_wconf 88' lang='grc'><strong>13</strong></span> <span class='ocrx_word' id='word_1_280' title='bbox 459 3406 642 3466; x_wconf 84' lang='lat' dir='ltr'><strong>sperauerunt</strong></span> <span class='ocrx_word' id='word_1_281' title='bbox 660 3403 695 3461; x_wconf 72' lang='grc' dir='ltr'><strong>Μ,</strong></span> <span class='ocrx_word' id='word_1_282' title='bbox 713 3418 782 3454; x_wconf 82' lang='lat' dir='ltr'><strong>corr.</strong></span> <span class='ocrx_word' id='word_1_283' title='bbox 802 3417 819 3469; x_wconf 87' lang='grc' dir='ltr'><strong><em>ς</em></strong></span> <span class='ocrx_word' id='word_1_284' title='bbox 839 3401 850 3468; x_wconf 71' lang='grc' dir='ltr'><em>η</em></span> <span class='ocrx_word' id='word_1_285' title='bbox 875 3405 907 3454; x_wconf 85' lang='grc'><strong>14</strong></span> <span class='ocrx_word' id='word_1_286' title='bbox 924 3404 1041 3454; x_wconf 86' lang='lat' dir='ltr'><strong>hominis</strong></span> <span class='ocrx_word' id='word_1_287' title='bbox 1060 3407 1169 3469; x_wconf 73' lang='lat' dir='ltr'><strong>scripsi.-</strong></span> 
     </span>
     <span class='ocr_line' id='line_1_38' title="bbox 201 3467 1168 3536; baseline 0.004 -20"><span class='ocrx_word' id='word_1_288' title='bbox 201 3468 324 3519; x_wconf 86' lang='lat' dir='ltr'><strong>homines</strong></span> <span class='ocrx_word' id='word_1_289' title='bbox 341 3472 376 3529; x_wconf 76' lang='lat' dir='ltr'><strong>H,</strong></span> <span class='ocrx_word' id='word_1_290' title='bbox 397 3471 464 3518; x_wconf 78' lang='lat' dir='ltr'><strong>delet</strong></span> <span class='ocrx_word' id='word_1_291' title='bbox 484 3469 512 3518; x_wconf 83' lang='lat' dir='ltr'><strong>G.</strong></span> <span class='ocrx_word' id='word_1_292' title='bbox 526 3470 562 3517; x_wconf 88' lang='lat' dir='ltr'><strong>H.</strong></span> <span class='ocrx_word' id='word_1_293' title='bbox 576 3468 732 3531; x_wconf 74' lang='lat' dir='ltr'><strong>Schoeserus</strong></span> <span class='ocrx_word' id='word_1_294' title='bbox 748 3467 758 3534; x_wconf 82' lang='grc' dir='ltr'><strong>ΙΙ</strong></span> <span class='ocrx_word' id='word_1_295' title='bbox 782 3473 812 3522; x_wconf 84' lang='grc'><strong>17</strong></span> <span class='ocrx_word' id='word_1_296' title='bbox 830 3472 967 3534; x_wconf 85' lang='lat' dir='ltr'><strong>possimus</strong></span> <span class='ocrx_word' id='word_1_297' title='bbox 986 3473 1052 3520; x_wconf 67' lang='lat' dir='ltr'><strong>tw:</strong></span> <span class='ocrx_word' id='word_1_298' title='bbox 1071 3487 1168 3536; x_wconf 83' lang='lat' dir='ltr'><strong>possu-</strong></span> 
     </span>
     <span class='ocr_line' id='line_1_39' title="bbox 202 3535 870 3600; baseline 0.006 -16"><span class='ocrx_word' id='word_1_299' title='bbox 202 3550 260 3585; x_wconf 87' lang='lat' dir='ltr'><strong>mus</strong></span> <span class='ocrx_word' id='word_1_300' title='bbox 278 3537 298 3584; x_wconf 86' lang='lat' dir='ltr'>B</span> <span class='ocrx_word' id='word_1_301' title='bbox 316 3538 339 3584; x_wconf 80' lang='lat' dir='ltr'>V</span> <span class='ocrx_word' id='word_1_302' title='bbox 360 3535 370 3599; x_wconf 81' lang='grc' dir='ltr'><strong>ΙΙ</strong></span> <span class='ocrx_word' id='word_1_303' title='bbox 392 3539 425 3585; x_wconf 78' lang='lat'><strong>24</strong></span> <span class='ocrx_word' id='word_1_304' title='bbox 444 3536 652 3600; x_wconf 85' lang='lat' dir='ltr'><strong>praecipiuntur</strong></span> <span class='ocrx_word' id='word_1_305' title='bbox 671 3550 687 3600; x_wconf 86' lang='grc' dir='ltr'><strong><em>ς</em></strong></span> <span class='ocrx_word' id='word_1_306' title='bbox 707 3537 870 3588; x_wconf 84' lang='lat' dir='ltr'><strong>Heumannus</strong></span> 
     </span>
    </p>
   </div>
   <div class='ocr_carea' id='block_1_9' title="bbox 0 0 1290 3990">
    <p class='ocr_par' dir='ltr' id='par_1_9' title="bbox 0 0 1290 3990">
     <span class='ocr_line' id='line_1_40' title="bbox 0 0 1290 3990; baseline 0 2"><span class='ocrx_word' id='word_1_307' title='bbox 0 0 1290 3990; x_wconf 95' lang='lat' dir='ltr'><strong> </strong></span> 
     </span>
    </p>
   </div>
  </div>
 </body>
</html>
