<?xml version="1.0" encoding="UTF-8"?>
<!DOCTYPE html PUBLIC "-//W3C//DTD XHTML 1.0 Transitional//EN"
    "http://www.w3.org/TR/xhtml1/DTD/xhtml1-transitional.dtd">
<html xmlns="http://www.w3.org/1999/xhtml" xml:lang="en" lang="en">
 <head>
  <title>
</title>
<meta http-equiv="Content-Type" content="text/html;charset=utf-8" />
  <meta name='ocr-system' content='tesseract 3.04.00' />
  <meta name='ocr-capabilities' content='ocr_page ocr_carea ocr_par ocr_line ocrx_word'/>
</head>
<body>
  <div class='ocr_page' id='page_1' title='image "./xiipanegyricila02baehgoog_0215.png"; bbox 0 0 2578 4000; ppageno 0'>
   <div class='ocr_carea' id='block_1_1' title="bbox 358 147 1116 216">
    <p class='ocr_par' dir='ltr' id='par_1_1' title="bbox 358 147 1116 216">
     <span class='ocr_line' id='line_1_1' title="bbox 358 147 1116 216; baseline 0.026 -19"><span class='ocrx_word' id='word_1_1' title='bbox 358 147 613 200; x_wconf 77' lang='grc'>1111111111</span> <span class='ocrx_word' id='word_1_2' title='bbox 631 149 809 202; x_wconf 80' lang='grc'>1111111.</span> <span class='ocrx_word' id='word_1_3' title='bbox 832 154 906 203; x_wconf 86' lang='lat'>3—5.</span> <span class='ocrx_word' id='word_1_4' title='bbox 1012 195 1017 203; x_wconf 41' lang='lat' dir='ltr'><em>s</em></span> <span class='ocrx_word' id='word_1_5' title='bbox 1056 151 1116 216; x_wconf 84' lang='grc'><strong>183</strong></span> 
     </span>
    </p>
   </div>
   <div class='ocr_carea' id='block_1_2' title="bbox 115 286 1156 2840">
    <p class='ocr_par' dir='ltr' id='par_1_2' title="bbox 115 286 1156 2840">
     <span class='ocr_line' id='line_1_2' title="bbox 139 286 1117 384; baseline 0.003 -23"><span class='ocrx_word' id='word_1_6' title='bbox 139 299 268 362; x_wconf 88' lang='lat' dir='ltr'><strong>tustate</strong></span> <span class='ocrx_word' id='word_1_7' title='bbox 296 295 534 380; x_wconf 84' lang='lat' dir='ltr'><strong>obsoleuerunt,</strong></span> <span class='ocrx_word' id='word_1_8' title='bbox 565 298 640 384; x_wconf 89' lang='lat' dir='ltr'><strong>quid</strong></span> <span class='ocrx_word' id='word_1_9' title='bbox 661 297 741 363; x_wconf 88' lang='lat' dir='ltr'><strong>haec</strong></span> <span class='ocrx_word' id='word_1_10' title='bbox 762 286 903 364; x_wconf 84' lang='lat' dir='ltr'><strong>recentia</strong></span> <span class='ocrx_word' id='word_1_11' title='bbox 925 321 1004 384; x_wconf 90' lang='lat' dir='ltr'><strong>quae</strong></span> <span class='ocrx_word' id='word_1_12' title='bbox 1026 301 1117 384; x_wconf 89' lang='lat' dir='ltr'><strong>pueri</strong></span> 
     </span>
     <span class='ocr_line' id='line_1_3' title="bbox 143 381 1116 472; baseline 0.004 -26"><span class='ocrx_word' id='word_1_13' title='bbox 143 381 309 450; x_wconf 83' lang='lat' dir='ltr'><strong>uidimus?</strong></span> <span class='ocrx_word' id='word_1_14' title='bbox 348 381 494 464; x_wconf 85' lang='lat' dir='ltr'><strong>attende,</strong></span> <span class='ocrx_word' id='word_1_15' title='bbox 518 402 652 466; x_wconf 85' lang='lat' dir='ltr'><strong>quaeso,</strong></span> <span class='ocrx_word' id='word_1_16' title='bbox 676 384 909 468; x_wconf 65' lang='lat' dir='ltr'><strong>quantumst,</strong></span> <span class='ocrx_word' id='word_1_17' title='bbox 932 385 1116 472; x_wconf 86' lang='lat' dir='ltr'><strong>imperator,</strong></span> 
     </span>
     <span class='ocr_line' id='line_1_4' title="bbox 142 465 1117 555; baseline 0.003 -25"><span class='ocrx_word' id='word_1_18' title='bbox 142 465 232 549; x_wconf 89' lang='lat' dir='ltr'><strong>quod</strong></span> <span class='ocrx_word' id='word_1_19' title='bbox 262 466 371 531; x_wconf 90' lang='lat' dir='ltr'><strong>diuum</strong></span> <span class='ocrx_word' id='word_1_20' title='bbox 402 465 570 532; x_wconf 79' lang='lat' dir='ltr'><strong>Claudium</strong></span> <span class='ocrx_word' id='word_1_21' title='bbox 599 471 767 550; x_wconf 87' lang='lat' dir='ltr'><strong>parentem</strong></span> <span class='ocrx_word' id='word_1_22' title='bbox 794 472 885 534; x_wconf 88' lang='lat' dir='ltr'><strong>tuum</strong></span> <span class='ocrx_word' id='word_1_23' title='bbox 918 469 958 536; x_wconf 86' lang='lat' dir='ltr'><strong>ad</strong></span> <span class='ocrx_word' id='word_1_24' title='bbox 986 490 1117 555; x_wconf 79' lang='lat' dir='ltr'><strong>recupe-</strong></span> 
     </span>
     <span class='ocr_line' id='line_1_5' title="bbox 143 549 1117 638; baseline 0.006 -24"><span class='ocrx_word' id='word_1_25' title='bbox 143 550 266 618; x_wconf 87' lang='lat' dir='ltr'><strong>randas</strong></span> <span class='ocrx_word' id='word_1_26' title='bbox 294 549 417 616; x_wconf 83' lang='lat' dir='ltr'><strong>Gallias</strong></span> <span class='ocrx_word' id='word_1_27' title='bbox 445 551 541 634; x_wconf 84' lang='lat' dir='ltr'><strong>primi</strong></span> <span class='ocrx_word' id='word_1_28' title='bbox 570 552 823 618; x_wconf 86' lang='lat' dir='ltr'><strong>sollicitauerunt</strong></span> <span class='ocrx_word' id='word_1_29' title='bbox 851 557 1117 638; x_wconf 68' lang='lat' dir='ltr'><strong>expectantesque</strong></span> 
     </span>
     <span class='ocr_line' id='line_1_6' title="bbox 145 635 1142 719; baseline 0 -19"><span class='ocrx_word' id='word_1_30' title='bbox 145 635 216 700; x_wconf 89' lang='lat' dir='ltr'><strong>eins</strong></span> <span class='ocrx_word' id='word_1_31' title='bbox 246 635 401 700; x_wconf 83' lang='lat' dir='ltr'><strong>auxilium</strong></span> <span class='ocrx_word' id='word_1_32' title='bbox 427 640 549 719; x_wconf 88' lang='lat' dir='ltr'><strong>septem</strong></span> <span class='ocrx_word' id='word_1_33' title='bbox 571 637 733 704; x_wconf 85' lang='lat' dir='ltr'><strong>mensibus</strong></span> <span class='ocrx_word' id='word_1_34' title='bbox 758 637 858 704; x_wconf 88' lang='lat' dir='ltr'><strong>clausi</strong></span> <span class='ocrx_word' id='word_1_35' title='bbox 879 641 918 702; x_wconf 88' lang='lat' dir='ltr'><strong>et</strong></span> <span class='ocrx_word' id='word_1_36' title='bbox 939 639 1047 718; x_wconf 81' lang='lat' dir='ltr'><strong>omnia</strong></span> <span class='ocrx_word' id='word_1_37' title='bbox 1068 639 1142 702; x_wconf 83' lang='lat' dir='ltr'><strong>in-5</strong></span> 
     </span>
     <span class='ocr_line' id='line_1_7' title="bbox 143 720 1117 806; baseline 0.005 -23"><span class='ocrx_word' id='word_1_38' title='bbox 143 720 240 804; x_wconf 88' lang='lat' dir='ltr'><strong>opiae</strong></span> <span class='ocrx_word' id='word_1_39' title='bbox 267 720 451 784; x_wconf 86' lang='lat' dir='ltr'><strong>miseranda</strong></span> <span class='ocrx_word' id='word_1_40' title='bbox 478 724 622 806; x_wconf 86' lang='lat' dir='ltr'><strong>perpessi</strong></span> <span class='ocrx_word' id='word_1_41' title='bbox 649 726 718 791; x_wconf 89' lang='lat' dir='ltr'><strong>tum</strong></span> <span class='ocrx_word' id='word_1_42' title='bbox 740 722 868 788; x_wconf 89' lang='lat' dir='ltr'><strong>demum</strong></span> <span class='ocrx_word' id='word_1_43' title='bbox 895 723 1117 806; x_wconf 79' lang='lat' dir='ltr'><strong>irrumpendas</strong></span> 
     </span>
     <span class='ocr_line' id='line_1_8' title="bbox 144 803 1117 892; baseline 0.005 -26"><span class='ocrx_word' id='word_1_44' title='bbox 144 804 320 870; x_wconf 86' lang='lat' dir='ltr'><strong>rebellibus</strong></span> <span class='ocrx_word' id='word_1_45' title='bbox 350 803 527 870; x_wconf 79' lang='lat' dir='ltr'><strong>Gallicanis</strong></span> <span class='ocrx_word' id='word_1_46' title='bbox 556 811 666 890; x_wconf 88' lang='lat' dir='ltr'><strong>portas</strong></span> <span class='ocrx_word' id='word_1_47' title='bbox 694 807 907 892; x_wconf 86' lang='lat' dir='ltr'><strong>reliquerunt,</strong></span> <span class='ocrx_word' id='word_1_48' title='bbox 941 829 1013 872; x_wconf 89' lang='lat' dir='ltr'><strong>cum</strong></span> <span class='ocrx_word' id='word_1_49' title='bbox 1040 808 1117 874; x_wconf 88' lang='lat' dir='ltr'><strong>fessi</strong></span> 
     </span>
     <span class='ocr_line' id='line_1_9' title="bbox 142 889 1116 975; baseline 0.002 -21"><span class='ocrx_word' id='word_1_50' title='bbox 142 889 298 956; x_wconf 87' lang='lat' dir='ltr'><strong>obserare</strong></span> <span class='ocrx_word' id='word_1_51' title='bbox 326 910 393 953; x_wconf 93' lang='lat' dir='ltr'><strong>non</strong></span> <span class='ocrx_word' id='word_1_52' title='bbox 420 894 562 974; x_wconf 88' lang='lat' dir='ltr'><strong>possent.</strong></span> <span class='ocrx_word' id='word_1_53' title='bbox 600 891 685 975; x_wconf 91' lang='lat' dir='ltr'><strong>quod</strong></span> <span class='ocrx_word' id='word_1_54' title='bbox 713 892 740 956; x_wconf 90' lang='lat' dir='ltr'><strong>si</strong></span> <span class='ocrx_word' id='word_1_55' title='bbox 768 891 860 956; x_wconf 91' lang='lat' dir='ltr'><strong>uobis</strong></span> <span class='ocrx_word' id='word_1_56' title='bbox 890 895 922 956; x_wconf 91' lang='lat' dir='ltr'><strong>et</strong></span> <span class='ocrx_word' id='word_1_57' title='bbox 950 893 1116 960; x_wconf 86' lang='lat' dir='ltr'><strong>conatibus</strong></span> 
     </span>
     <span class='ocr_line' id='line_1_10' title="bbox 143 973 1116 1060; baseline 0.002 -22"><span class='ocrx_word' id='word_1_58' title='bbox 143 973 334 1038; x_wconf 84' lang='lat' dir='ltr'><strong>Aeduorum</strong></span> <span class='ocrx_word' id='word_1_59' title='bbox 361 974 492 1040; x_wconf 86' lang='lat' dir='ltr'><strong>fortuna</strong></span> <span class='ocrx_word' id='word_1_60' title='bbox 524 975 658 1042; x_wconf 85' lang='lat' dir='ltr'><strong>fauisset</strong></span> <span class='ocrx_word' id='word_1_61' title='bbox 686 979 781 1060; x_wconf 88' lang='lat' dir='ltr'><strong>atque</strong></span> <span class='ocrx_word' id='word_1_62' title='bbox 809 976 863 1041; x_wconf 91' lang='lat' dir='ltr'><strong>ille</strong></span> <span class='ocrx_word' id='word_1_63' title='bbox 894 977 942 1040; x_wconf 89' lang='lat' dir='ltr'><strong>rei</strong></span> <span class='ocrx_word' id='word_1_64' title='bbox 971 977 1116 1060; x_wconf 86' lang='lat' dir='ltr'><strong>publicae</strong></span> 
     </span>
     <span class='ocr_line' id='line_1_11' title="bbox 144 1058 1154 1146; baseline 0.008 -26"><span class='ocrx_word' id='word_1_65' title='bbox 144 1058 315 1124; x_wconf 72' lang='lat' dir='ltr'><strong>restitutor</strong></span> <span class='ocrx_word' id='word_1_66' title='bbox 343 1059 590 1143; x_wconf 83' lang='lat' dir='ltr'><strong>implorantibus</strong></span> <span class='ocrx_word' id='word_1_67' title='bbox 623 1060 717 1128; x_wconf 91' lang='lat' dir='ltr'><strong>nobis</strong></span> <span class='ocrx_word' id='word_1_68' title='bbox 751 1061 920 1128; x_wconf 89' lang='lat' dir='ltr'><strong>subuenire</strong></span> <span class='ocrx_word' id='word_1_69' title='bbox 949 1063 1113 1146; x_wconf 87' lang='lat' dir='ltr'><strong>potuisset,</strong></span> <span class='ocrx_word' id='word_1_70' title='bbox 1129 1081 1154 1120; x_wconf 90' lang='lat'><strong>10</strong></span> 
     </span>
     <span class='ocr_line' id='line_1_12' title="bbox 145 1142 1116 1227; baseline 0.004 -21"><span class='ocrx_word' id='word_1_71' title='bbox 145 1144 218 1206; x_wconf 90' lang='lat' dir='ltr'><strong>sine</strong></span> <span class='ocrx_word' id='word_1_72' title='bbox 239 1142 306 1206; x_wconf 93' lang='lat' dir='ltr'><strong>ullo</strong></span> <span class='ocrx_word' id='word_1_73' title='bbox 328 1143 519 1210; x_wconf 88' lang='lat' dir='ltr'><strong>detrimento</strong></span> <span class='ocrx_word' id='word_1_74' title='bbox 541 1144 760 1212; x_wconf 87' lang='lat' dir='ltr'><strong>Romanarum</strong></span> <span class='ocrx_word' id='word_1_75' title='bbox 783 1146 909 1227; x_wconf 87' lang='lat' dir='ltr'><strong>uirium,</strong></span> <span class='ocrx_word' id='word_1_76' title='bbox 933 1147 1003 1212; x_wconf 88' lang='lat' dir='ltr'><strong>sine</strong></span> <span class='ocrx_word' id='word_1_77' title='bbox 1026 1147 1116 1213; x_wconf 89' lang='lat' dir='ltr'><strong>clade</strong></span> 
     </span>
     <span class='ocr_line' id='line_1_13' title="bbox 146 1226 1116 1316; baseline 0.004 -24"><span class='ocrx_word' id='word_1_78' title='bbox 146 1226 358 1296; x_wconf 76' lang='lat' dir='ltr'><strong>Catalaunica</strong></span> <span class='ocrx_word' id='word_1_79' title='bbox 387 1228 610 1313; x_wconf 83' lang='lat' dir='ltr'><strong>compendium</strong></span> <span class='ocrx_word' id='word_1_80' title='bbox 634 1231 723 1313; x_wconf 91' lang='lat' dir='ltr'><strong>pacis</strong></span> <span class='ocrx_word' id='word_1_81' title='bbox 750 1231 964 1295; x_wconf 89' lang='lat' dir='ltr'><strong>reconciliatis</strong></span> <span class='ocrx_word' id='word_1_82' title='bbox 986 1232 1116 1316; x_wconf 87' lang='lat' dir='ltr'><strong>prouin-</strong></span> 
     </span>
     <span class='ocr_line' id='line_1_14' title="bbox 146 1311 1117 1400; baseline 0.002 -24"><span class='ocrx_word' id='word_1_83' title='bbox 146 1311 207 1378; x_wconf 89' lang='lat' dir='ltr'><strong>ciis</strong></span> <span class='ocrx_word' id='word_1_84' title='bbox 230 1311 389 1378; x_wconf 74' lang='lat' dir='ltr'><strong>attulisset</strong></span> <span class='ocrx_word' id='word_1_85' title='bbox 410 1313 596 1378; x_wconf 75' lang='lat' dir='ltr'><strong>fraternitas</strong></span> <span class='ocrx_word' id='word_1_86' title='bbox 618 1315 814 1380; x_wconf 86' lang='lat' dir='ltr'><strong>Aeduorum.</strong></span> <span class='ocrx_word' id='word_1_87' title='bbox 852 1315 892 1378; x_wconf 94' lang='lat' dir='ltr'><strong>ob</strong></span> <span class='ocrx_word' id='word_1_88' title='bbox 914 1314 995 1380; x_wconf 90' lang='lat' dir='ltr'><strong>haee</strong></span> <span class='ocrx_word' id='word_1_89' title='bbox 1017 1315 1117 1400; x_wconf 83' lang='lat' dir='ltr'><strong>igitur</strong></span> 
     </span>
     <span class='ocr_line' id='line_1_15' title="bbox 145 1396 1116 1482; baseline 0.005 -23"><span class='ocrx_word' id='word_1_90' title='bbox 145 1396 264 1460; x_wconf 87' lang='lat' dir='ltr'><strong>merita</strong></span> <span class='ocrx_word' id='word_1_91' title='bbox 291 1400 358 1460; x_wconf 89' lang='lat' dir='ltr'><strong>tam</strong></span> <span class='ocrx_word' id='word_1_92' title='bbox 385 1398 491 1480; x_wconf 87' lang='lat' dir='ltr'><strong>prisca</strong></span> <span class='ocrx_word' id='word_1_93' title='bbox 519 1398 611 1462; x_wconf 91' lang='lat' dir='ltr'><strong>diuus</strong></span> <span class='ocrx_word' id='word_1_94' title='bbox 642 1402 735 1482; x_wconf 88' lang='lat' dir='ltr'><strong>pater</strong></span> <span class='ocrx_word' id='word_1_95' title='bbox 763 1402 837 1462; x_wconf 87' lang='lat' dir='ltr'><strong>tuus</strong></span> <span class='ocrx_word' id='word_1_96' title='bbox 866 1399 1027 1464; x_wconf 86' lang='lat' dir='ltr'><strong>ciuitatem</strong></span> <span class='ocrx_word' id='word_1_97' title='bbox 1054 1403 1116 1464; x_wconf 90' lang='lat' dir='ltr'><strong>Ae-</strong></span> 
     </span>
     <span class='ocr_line' id='line_1_16' title="bbox 144 1480 1155 1568; baseline 0.004 -24"><span class='ocrx_word' id='word_1_98' title='bbox 144 1480 281 1550; x_wconf 87' lang='lat' dir='ltr'><strong>duorum</strong></span> <span class='ocrx_word' id='word_1_99' title='bbox 296 1482 399 1548; x_wconf 89' lang='lat' dir='ltr'><strong>uoluit</strong></span> <span class='ocrx_word' id='word_1_100' title='bbox 414 1483 572 1546; x_wconf 87' lang='lat' dir='ltr'><strong>iacentem</strong></span> <span class='ocrx_word' id='word_1_101' title='bbox 589 1483 710 1567; x_wconf 82' lang='lat' dir='ltr'><strong>erigere</strong></span> <span class='ocrx_word' id='word_1_102' title='bbox 725 1484 946 1567; x_wconf 88' lang='lat' dir='ltr'><strong>perditamque</strong></span> <span class='ocrx_word' id='word_1_103' title='bbox 962 1505 1116 1568; x_wconf 85' lang='lat' dir='ltr'><strong>recreare,</strong></span> <span class='ocrx_word' id='word_1_104' title='bbox 1130 1500 1155 1541; x_wconf 81' lang='lat'><strong>1⁵</strong></span> 
     </span>
     <span class='ocr_line' id='line_1_17' title="bbox 145 1566 1117 1652; baseline 0.003 -22"><span class='ocrx_word' id='word_1_105' title='bbox 145 1587 214 1634; x_wconf 88' lang='lat' dir='ltr'><strong>non</strong></span> <span class='ocrx_word' id='word_1_106' title='bbox 244 1566 346 1630; x_wconf 88' lang='lat' dir='ltr'><strong>solum</strong></span> <span class='ocrx_word' id='word_1_107' title='bbox 373 1568 518 1649; x_wconf 87' lang='lat' dir='ltr'><strong>pecuniis</strong></span> <span class='ocrx_word' id='word_1_108' title='bbox 546 1568 587 1632; x_wconf 91' lang='lat' dir='ltr'><strong>ad</strong></span> <span class='ocrx_word' id='word_1_109' title='bbox 611 1568 791 1632; x_wconf 87' lang='lat' dir='ltr'><strong>calendaria</strong></span> <span class='ocrx_word' id='word_1_110' title='bbox 816 1568 992 1652; x_wconf 81' lang='lat' dir='ltr'><strong>largiendis</strong></span> <span class='ocrx_word' id='word_1_111' title='bbox 1020 1571 1052 1632; x_wconf 90' lang='lat' dir='ltr'><strong>et</strong></span> <span class='ocrx_word' id='word_1_112' title='bbox 1073 1569 1117 1634; x_wconf 91' lang='lat' dir='ltr'><strong>la-</strong></span> 
     </span>
     <span class='ocr_line' id='line_1_18' title="bbox 144 1651 1116 1736; baseline 0.006 -22"><span class='ocrx_word' id='word_1_113' title='bbox 144 1651 252 1714; x_wconf 71' lang='grc'>111111</span> <span class='ocrx_word' id='word_1_114' title='bbox 267 1672 348 1734; x_wconf 86' lang='lat' dir='ltr'><strong>quae</strong></span> <span class='ocrx_word' id='word_1_115' title='bbox 364 1655 548 1716; x_wconf 87' lang='lat' dir='ltr'><strong>corruerant</strong></span> <span class='ocrx_word' id='word_1_116' title='bbox 563 1652 756 1736; x_wconf 83' lang='lat' dir='ltr'><strong>extruendis,</strong></span> <span class='ocrx_word' id='word_1_117' title='bbox 780 1653 947 1718; x_wconf 88' lang='lat' dir='ltr'><strong>sedetiam</strong></span> <span class='ocrx_word' id='word_1_118' title='bbox 964 1655 1116 1720; x_wconf 82' lang='lat' dir='ltr'><strong>metoecis</strong></span> 
     </span>
     <span class='ocr_line' id='line_1_19' title="bbox 144 1734 1116 1821; baseline 0 -21"><span class='ocrx_word' id='word_1_119' title='bbox 144 1734 287 1818; x_wconf 86' lang='lat' dir='ltr'><strong>undique</strong></span> <span class='ocrx_word' id='word_1_120' title='bbox 308 1737 550 1818; x_wconf 69' lang='lat' dir='ltr'><strong>transferendis</strong></span> <span class='ocrx_word' id='word_1_121' title='bbox 574 1740 610 1800; x_wconf 89' lang='lat' dir='ltr'><strong>ut</strong></span> <span class='ocrx_word' id='word_1_122' title='bbox 632 1741 716 1802; x_wconf 87' lang='lat' dir='ltr'><strong>esset</strong></span> <span class='ocrx_word' id='word_1_123' title='bbox 730 1736 786 1803; x_wconf 87' lang='lat' dir='ltr'><strong>illa</strong></span> <span class='ocrx_word' id='word_1_124' title='bbox 809 1737 923 1800; x_wconf 87' lang='lat' dir='ltr'><strong>ciuitas</strong></span> <span class='ocrx_word' id='word_1_125' title='bbox 937 1737 1116 1821; x_wconf 85' lang='lat' dir='ltr'><strong>prouincia·</strong></span> 
     </span>
     <span class='ocr_line' id='line_1_20' title="bbox 143 1819 1116 1905; baseline 0.005 -23"><span class='ocrx_word' id='word_1_126' title='bbox 143 1839 218 1884; x_wconf 88' lang='lat' dir='ltr'><strong>rum</strong></span> <span class='ocrx_word' id='word_1_127' title='bbox 233 1819 323 1884; x_wconf 87' lang='lat' dir='ltr'><strong>uelut</strong></span> <span class='ocrx_word' id='word_1_128' title='bbox 336 1843 401 1886; x_wconf 89' lang='lat' dir='ltr'><strong>una</strong></span> <span class='ocrx_word' id='word_1_129' title='bbox 412 1826 525 1904; x_wconf 85' lang='lat' dir='ltr'><strong>mater,</strong></span> <span class='ocrx_word' id='word_1_130' title='bbox 538 1843 617 1904; x_wconf 86' lang='lat' dir='ltr'><strong>quae</strong></span> <span class='ocrx_word' id='word_1_131' title='bbox 627 1822 766 1905; x_wconf 87' lang='lat' dir='ltr'><strong>reliquas</strong></span> <span class='ocrx_word' id='word_1_132' title='bbox 778 1822 872 1886; x_wconf 88' lang='lat' dir='ltr'><strong>nrbes</strong></span> <span class='ocrx_word' id='word_1_133' title='bbox 885 1821 1116 1904; x_wconf 89' lang='lat' dir='ltr'><strong>quodammodo</strong></span> 
     </span>
     <span class='ocr_line' id='line_1_21' title="bbox 144 1903 1155 1988; baseline 0.004 -20"><span class='ocrx_word' id='word_1_134' title='bbox 144 1903 313 1969; x_wconf 84' lang='lat' dir='ltr'><strong>Romanas</strong></span> <span class='ocrx_word' id='word_1_135' title='bbox 335 1906 437 1988; x_wconf 90' lang='lat' dir='ltr'><strong>prima</strong></span> <span class='ocrx_word' id='word_1_136' title='bbox 459 1906 597 1970; x_wconf 86' lang='lat' dir='ltr'><strong>fecisset.</strong></span> <span class='ocrx_word' id='word_1_137' title='bbox 936 1979 939 1984; x_wconf 45' lang='grc'><strong>,</strong></span> <span class='ocrx_word' id='word_1_138' title='bbox 1130 1924 1155 1972; x_wconf 80' lang='lat'><strong>2⁰</strong></span> 
     </span>
     <span class='ocr_line' id='line_1_22' title="bbox 210 1987 1117 2074; baseline 0.002 -22"><span class='ocrx_word' id='word_1_139' title='bbox 210 1987 251 2052; x_wconf 91' lang='lat' dir='ltr'><strong>V.</strong></span> <span class='ocrx_word' id='word_1_140' title='bbox 296 1988 371 2056; x_wconf 83' lang='lat' dir='ltr'><strong>Dixi</strong></span> <span class='ocrx_word' id='word_1_141' title='bbox 401 1991 599 2074; x_wconf 88' lang='lat' dir='ltr'><strong>quambene</strong></span> <span class='ocrx_word' id='word_1_142' title='bbox 626 1991 749 2055; x_wconf 90' lang='lat' dir='ltr'><strong>meritis</strong></span> <span class='ocrx_word' id='word_1_143' title='bbox 772 1989 892 2056; x_wconf 89' lang='lat' dir='ltr'><strong>Aeduis</strong></span> <span class='ocrx_word' id='word_1_144' title='bbox 921 1991 1117 2074; x_wconf 84' lang='lat' dir='ltr'><strong>subueneris‚</strong></span> 
     </span>
     <span class='ocr_line' id='line_1_23' title="bbox 145 2073 1115 2160; baseline 0.003 -24"><span class='ocrx_word' id='word_1_145' title='bbox 145 2073 335 2160; x_wconf 80' lang='lat' dir='ltr'><strong>imperator3</strong></span> <span class='ocrx_word' id='word_1_146' title='bbox 359 2075 503 2160; x_wconf 89' lang='lat' dir='ltr'><strong>sequitur</strong></span> <span class='ocrx_word' id='word_1_147' title='bbox 525 2078 561 2140; x_wconf 89' lang='lat' dir='ltr'><strong>ut</strong></span> <span class='ocrx_word' id='word_1_148' title='bbox 576 2075 680 2140; x_wconf 90' lang='lat' dir='ltr'><strong>dicam</strong></span> <span class='ocrx_word' id='word_1_149' title='bbox 724 2097 798 2143; x_wconf 85' lang='lat' dir='ltr'><strong>uam</strong></span> <span class='ocrx_word' id='word_1_150' title='bbox 813 2076 956 2160; x_wconf 80' lang='lat' dir='ltr'><strong>¹grauiter</strong></span> <span class='ocrx_word' id='word_1_151' title='bbox 977 2075 1115 2140; x_wconf 84' lang='lat' dir='ltr'><strong>afflictis.</strong></span> 
     </span>
     <span class='ocr_line' id='line_1_24' title="bbox 143 2097 1118 2244; baseline 0.001 -23"><span class='ocrx_word' id='word_1_152' title='bbox 143 2159 203 2242; x_wconf 90' lang='lat' dir='ltr'><strong>qui</strong></span> <span class='ocrx_word' id='word_1_153' title='bbox 231 2158 319 2222; x_wconf 89' lang='lat' dir='ltr'><strong>locus</strong></span> <span class='ocrx_word' id='word_1_154' title='bbox 345 2161 481 2224; x_wconf 91' lang='lat' dir='ltr'><strong>nimium</strong></span> <span class='ocrx_word' id='word_1_155' title='bbox 511 2164 664 2244; x_wconf 87' lang='lat' dir='ltr'><strong>quantum</strong></span> <span class='ocrx_word' id='word_1_156' title='bbox 690 2097 761 2242; x_wconf 78' lang='lat' dir='ltr'><strong>plus</strong></span> <span class='ocrx_word' id='word_1_157' title='bbox 790 2159 870 2224; x_wconf 89' lang='lat' dir='ltr'><strong>mihi</strong></span> <span class='ocrx_word' id='word_1_158' title='bbox 898 2159 1118 2244; x_wconf 75' lang='lat' dir='ltr'><strong>suppeditaret</strong></span> 
     </span>
     <span class='ocr_line' id='line_1_25' title="bbox 145 2243 1117 2327; baseline 0.002 -19"><span class='ocrx_word' id='word_1_159' title='bbox 145 2243 317 2327; x_wconf 81' lang='lat' dir='ltr'><strong>orationis,</strong></span> <span class='ocrx_word' id='word_1_160' title='bbox 346 2245 373 2308; x_wconf 94' lang='lat' dir='ltr'><strong>si</strong></span> <span class='ocrx_word' id='word_1_161' title='bbox 395 2245 444 2308; x_wconf 90' lang='lat' dir='ltr'><strong>fas</strong></span> <span class='ocrx_word' id='word_1_162' title='bbox 467 2248 551 2310; x_wconf 89' lang='grc'>11111</span> <span class='ocrx_word' id='word_1_163' title='bbox 580 2246 729 2311; x_wconf 83' lang='lat' dir='ltr'><strong>audiente</strong></span> <span class='ocrx_word' id='word_1_164' title='bbox 750 2249 783 2310; x_wconf 90' lang='lat' dir='ltr'><strong>te</strong></span> <span class='ocrx_word' id='word_1_165' title='bbox 805 2247 900 2308; x_wconf 89' lang='lat' dir='ltr'><strong>rebus</strong></span> <span class='ocrx_word' id='word_1_166' title='bbox 921 2245 1117 2310; x_wconf 88' lang='lat' dir='ltr'><strong>tristioribus</strong></span> 
     </span>
     <span class='ocr_line' id='line_1_26' title="bbox 145 2328 1156 2412; baseline 0.001 -20"><span class='ocrx_word' id='word_1_167' title='bbox 145 2328 321 2394; x_wconf 87' lang='lat' dir='ltr'><strong>immorari.</strong></span> <span class='ocrx_word' id='word_1_168' title='bbox 351 2329 509 2412; x_wconf 83' lang='lat' dir='ltr'><strong>utigitur</strong></span> <span class='ocrx_word' id='word_1_169' title='bbox 530 2329 564 2394; x_wconf 91' lang='lat' dir='ltr'><strong>in</strong></span> <span class='ocrx_word' id='word_1_170' title='bbox 586 2328 809 2412; x_wconf 86' lang='lat' dir='ltr'><strong>praedicandis</strong></span> <span class='ocrx_word' id='word_1_171' title='bbox 830 2329 978 2396; x_wconf 89' lang='lat' dir='ltr'><strong>laudibus</strong></span> <span class='ocrx_word' id='word_1_172' title='bbox 994 2329 1156 2412; x_wconf 69' lang='lat' dir='ltr'><strong>patrissat</strong></span> 
     </span>
     <span class='ocr_line' id='line_1_27' title="bbox 145 2413 1117 2496; baseline 0 -20"><span class='ocrx_word' id='word_1_173' title='bbox 145 2432 239 2476; x_wconf 86' lang='lat' dir='ltr'><strong>meae</strong></span> <span class='ocrx_word' id='word_1_174' title='bbox 261 2413 453 2479; x_wconf 87' lang='lat' dir='ltr'><strong>uerecundia</strong></span> <span class='ocrx_word' id='word_1_175' title='bbox 480 2414 610 2477; x_wconf 92' lang='lat' dir='ltr'><strong>modum</strong></span> <span class='ocrx_word' id='word_1_176' title='bbox 631 2414 709 2478; x_wconf 85' lang='lat' dir='ltr'><strong>fecit</strong></span> <span class='ocrx_word' id='word_1_177' title='bbox 736 2435 777 2477; x_wconf 91' lang='lat' dir='ltr'><strong>ne</strong></span> <span class='ocrx_word' id='word_1_178' title='bbox 801 2416 991 2496; x_wconf 86' lang='lat' dir='ltr'><strong>arroganter</strong></span> <span class='ocrx_word' id='word_1_179' title='bbox 1013 2415 1117 2478; x_wconf 88' lang='lat' dir='ltr'><strong>insur-</strong></span> 
     </span>
     <span class='ocr_line' id='line_1_28' title="bbox 144 2497 1117 2644; baseline 0.001 -84"><span class='ocrx_word' id='word_1_180' title='bbox 144 2517 270 2644; x_wconf 58' lang='lat' dir='ltr'>{erem&#39;</span> <span class='ocrx_word' id='word_1_181' title='bbox 293 2498 340 2563; x_wconf 76' lang='lat' dir='ltr'><strong>ia</strong></span> <span class='ocrx_word' id='word_1_182' title='bbox 355 2499 391 2562; x_wconf 94' lang='lat' dir='ltr'><strong>in</strong></span> <span class='ocrx_word' id='word_1_183' title='bbox 407 2497 693 2563; x_wconf 89' lang='lat' dir='ltr'><strong>commemorandis</strong></span> <span class='ocrx_word' id='word_1_184' title='bbox 710 2497 850 2566; x_wconf 88' lang='lat' dir='ltr'><strong>eiusdem</strong></span> <span class='ocrx_word' id='word_1_185' title='bbox 865 2498 958 2562; x_wconf 86' lang='lat' dir='ltr'><strong>malis</strong></span> <span class='ocrx_word' id='word_1_186' title='bbox 982 2500 1014 2562; x_wconf 89' lang='lat' dir='ltr'><strong>et</strong></span> <span class='ocrx_word' id='word_1_187' title='bbox 1028 2519 1117 2565; x_wconf 87' lang='lat' dir='ltr'><strong>meus</strong></span> 
     </span>
     <span class='ocr_line' id='line_1_29' title="bbox 171 2579 1118 2652; baseline 0.001 -8"><span class='ocrx_word' id='word_1_188' title='bbox 171 2579 240 2645; x_wconf 93' lang='lat' dir='ltr'><strong>olor</strong></span> <span class='ocrx_word' id='word_1_189' title='bbox 263 2584 295 2646; x_wconf 91' lang='grc'><strong>11</strong></span> <span class='ocrx_word' id='word_1_190' title='bbox 316 2585 450 2652; x_wconf 81' lang='lat' dir='ltr'><strong>tuarum,</strong></span> <span class='ocrx_word' id='word_1_191' title='bbox 466 2583 589 2648; x_wconf 89' lang='lat' dir='ltr'><strong>aurium</strong></span> <span class='ocrx_word' id='word_1_192' title='bbox 613 2582 807 2648; x_wconf 84' lang='lat' dir='ltr'><strong>consuetudo</strong></span> <span class='ocrx_word' id='word_1_193' title='bbox 830 2581 1001 2648; x_wconf 88' lang='lat' dir='ltr'><strong>cohibebit.</strong></span> <span class='ocrx_word' id='word_1_194' title='bbox 1035 2581 1118 2647; x_wconf 91' lang='lat' dir='ltr'><strong>nihil</strong></span> 
     </span>
     <span class='ocr_line' id='line_1_30' title="bbox 146 2665 1117 2752; baseline 0.001 -23"><span class='ocrx_word' id='word_1_195' title='bbox 146 2665 237 2730; x_wconf 90' lang='lat' dir='ltr'><strong>enim</strong></span> <span class='ocrx_word' id='word_1_196' title='bbox 264 2666 402 2732; x_wconf 86' lang='lat' dir='ltr'><strong>libenter</strong></span> <span class='ocrx_word' id='word_1_197' title='bbox 429 2668 535 2751; x_wconf 86' lang='lat' dir='ltr'><strong>audis,</strong></span> <span class='ocrx_word' id='word_1_198' title='bbox 563 2668 627 2732; x_wconf 90' lang='lat' dir='ltr'><strong>nisi</strong></span> <span class='ocrx_word' id='word_1_199' title='bbox 654 2689 716 2752; x_wconf 87' lang='lat' dir='ltr'><strong>quo</strong></span> <span class='ocrx_word' id='word_1_200' title='bbox 738 2689 891 2752; x_wconf 88' lang='lat' dir='ltr'><strong>prospera</strong></span> <span class='ocrx_word' id='word_1_201' title='bbox 916 2667 980 2731; x_wconf 91' lang='lat' dir='ltr'><strong>tuis</strong></span> <span class='ocrx_word' id='word_1_202' title='bbox 1008 2671 1117 2752; x_wconf 81' lang='lat' dir='ltr'><strong>gratu-</strong></span> 
     </span>
     <span class='ocr_line' id='line_1_31' title="bbox 115 2750 1156 2840; baseline 0.001 -27"><span class='ocrx_word' id='word_1_203' title='bbox 115 2835 118 2840; x_wconf 13' lang='lat'>*</span> <span class='ocrx_word' id='word_1_204' title='bbox 145 2750 235 2814; x_wconf 89' lang='lat' dir='ltr'><strong>leris.</strong></span> <span class='ocrx_word' id='word_1_205' title='bbox 271 2751 326 2814; x_wconf 88' lang='lat' dir='ltr'><strong>sed</strong></span> <span class='ocrx_word' id='word_1_206' title='bbox 348 2755 457 2817; x_wconf 89' lang='lat' dir='ltr'><strong>tamen</strong></span> <span class='ocrx_word' id='word_1_207' title='bbox 480 2773 609 2836; x_wconf 81' lang='lat' dir='ltr'><strong>quaeso,</strong></span> <span class='ocrx_word' id='word_1_208' title='bbox 632 2752 815 2834; x_wconf 81' lang='lat' dir='ltr'><strong>imperator,</strong></span> <span class='ocrx_word' id='word_1_209' title='bbox 837 2752 971 2835; x_wconf 82' lang='lat' dir='ltr'><strong>iniunge</strong></span> <span class='ocrx_word' id='word_1_210' title='bbox 993 2751 1117 2834; x_wconf 89' lang='lat' dir='ltr'><strong>patien-</strong></span> <span class='ocrx_word' id='word_1_211' title='bbox 1131 2768 1156 2807; x_wconf 76' lang='lat'><strong>30</strong></span> 
     </span>
    </p>
   </div>
   <div class='ocr_carea' id='block_1_3' title="bbox 143 2936 1168 3547">
    <p class='ocr_par' dir='ltr' id='par_1_3' title="bbox 143 2936 1168 3547">
     <span class='ocr_line' id='line_1_32' title="bbox 219 2936 1118 3004; baseline -0.002 -16"><span class='ocrx_word' id='word_1_212' title='bbox 219 2942 231 2988; x_wconf 88' lang='lat'>1</span> <span class='ocrx_word' id='word_1_213' title='bbox 246 2939 421 2991; x_wconf 86' lang='lat' dir='ltr'><strong>obsoluerunt</strong></span> <span class='ocrx_word' id='word_1_214' title='bbox 432 2940 455 2988; x_wconf 95' lang='lat' dir='ltr'>A</span> <span class='ocrx_word' id='word_1_215' title='bbox 468 2940 662 2990; x_wconf 84' lang='lat' dir='ltr'><strong>absoleuerunt</strong></span> <span class='ocrx_word' id='word_1_216' title='bbox 673 2941 707 2987; x_wconf 98' lang='lat' dir='ltr'>W</span> <span class='ocrx_word' id='word_1_217' title='bbox 719 2936 729 3004; x_wconf 77' lang='grc'><strong>11</strong></span> <span class='ocrx_word' id='word_1_218' title='bbox 742 2941 757 2988; x_wconf 82' lang='grc'>2</span> <span class='ocrx_word' id='word_1_219' title='bbox 770 2939 876 3003; x_wconf 84' lang='lat' dir='ltr'><strong>quantir</strong></span> <span class='ocrx_word' id='word_1_220' title='bbox 887 2940 996 3003; x_wconf 80' lang='lat' dir='ltr'><strong>scripsi:</strong></span> <span class='ocrx_word' id='word_1_221' title='bbox 1015 2942 1118 3002; x_wconf 87' lang='lat' dir='ltr'><strong>quanta</strong></span> 
     </span>
     <span class='ocr_line' id='line_1_33' title="bbox 144 3004 1118 3072; baseline 0 -17"><span class='ocrx_word' id='word_1_222' title='bbox 144 3008 177 3056; x_wconf 76' lang='lat'><strong>11</strong></span> <span class='ocrx_word' id='word_1_223' title='bbox 195 3009 292 3072; x_wconf 85' lang='lat' dir='ltr'><strong>quanti</strong></span> <span class='ocrx_word' id='word_1_224' title='bbox 309 3010 368 3058; x_wconf 84' lang='lat' dir='ltr'><strong>edd.</strong></span> <span class='ocrx_word' id='word_1_225' title='bbox 395 3005 400 3072; x_wconf 89' lang='grc' dir='ltr'>Ι</span> <span class='ocrx_word' id='word_1_226' title='bbox 425 3009 483 3058; x_wconf 89' lang='lat' dir='ltr'><strong>sint</strong></span> <span class='ocrx_word' id='word_1_227' title='bbox 499 3020 524 3055; x_wconf 85' lang='lat' dir='ltr'><strong>w</strong></span> <span class='ocrx_word' id='word_1_228' title='bbox 553 3005 563 3072; x_wconf 82' lang='grc' dir='ltr'><strong>ΙΙ</strong></span> <span class='ocrx_word' id='word_1_229' title='bbox 592 3009 609 3056; x_wconf 88' lang='grc'>4</span> <span class='ocrx_word' id='word_1_230' title='bbox 626 3005 718 3072; x_wconf 90' lang='lat' dir='ltr'><strong>primi]</strong></span> <span class='ocrx_word' id='word_1_231' title='bbox 738 3022 834 3072; x_wconf 87' lang='lat' dir='ltr'><strong>parum</strong></span> <span class='ocrx_word' id='word_1_232' title='bbox 852 3007 885 3053; x_wconf 99' lang='lat' dir='ltr'>W</span> <span class='ocrx_word' id='word_1_233' title='bbox 914 3004 924 3071; x_wconf 84' lang='grc' dir='ltr'><strong>ΙΙ</strong></span> <span class='ocrx_word' id='word_1_234' title='bbox 953 3007 969 3056; x_wconf 90' lang='grc'>8</span> <span class='ocrx_word' id='word_1_235' title='bbox 988 3004 1118 3056; x_wconf 88' lang='lat' dir='ltr'><strong>obserare</strong></span> 
     </span>
     <span class='ocr_line' id='line_1_34' title="bbox 143 3070 1119 3139; baseline -0.004 -13"><span class='ocrx_word' id='word_1_236' title='bbox 143 3077 258 3139; x_wconf 75' lang='lat' dir='ltr'><strong>scripsi:</strong></span> <span class='ocrx_word' id='word_1_237' title='bbox 276 3075 425 3127; x_wconf 84' lang='lat' dir='ltr'><strong>obseruare</strong></span> <span class='ocrx_word' id='word_1_238' title='bbox 438 3075 465 3124; x_wconf 78' lang='grc'><strong>11</strong></span> <span class='ocrx_word' id='word_1_239' title='bbox 483 3089 594 3126; x_wconf 84' lang='lat' dir='ltr'><strong>seruare</strong></span> <span class='ocrx_word' id='word_1_240' title='bbox 612 3076 670 3127; x_wconf 83' lang='lat' dir='ltr'><strong>edd.</strong></span> <span class='ocrx_word' id='word_1_241' title='bbox 688 3071 699 3139; x_wconf 80' lang='grc' dir='ltr'><strong>ΙΙ</strong></span> <span class='ocrx_word' id='word_1_242' title='bbox 717 3077 747 3123; x_wconf 91' lang='grc'><strong>11</strong></span> <span class='ocrx_word' id='word_1_243' title='bbox 766 3089 937 3124; x_wconf 87' lang='lat' dir='ltr'><strong>romanorum</strong></span> <span class='ocrx_word' id='word_1_244' title='bbox 954 3074 978 3122; x_wconf 97' lang='lat' dir='ltr'>A</span> <span class='ocrx_word' id='word_1_245' title='bbox 993 3070 1003 3138; x_wconf 86' lang='grc' dir='ltr'><strong>ΙΙ</strong></span> <span class='ocrx_word' id='word_1_246' title='bbox 1022 3075 1052 3122; x_wconf 82' lang='lat'><strong>12</strong></span> <span class='ocrx_word' id='word_1_247' title='bbox 1072 3089 1119 3122; x_wconf 87' lang='lat' dir='ltr'><strong>ca·</strong></span> 
     </span>
     <span class='ocr_line' id='line_1_35' title="bbox 143 3139 1118 3210; baseline -0.002 -18"><span class='ocrx_word' id='word_1_248' title='bbox 143 3141 287 3194; x_wconf 84' lang='lat' dir='ltr'><strong>talannita</strong></span> <span class='ocrx_word' id='word_1_249' title='bbox 304 3143 328 3191; x_wconf 97' lang='lat' dir='ltr'>A</span> <span class='ocrx_word' id='word_1_250' title='bbox 344 3141 355 3208; x_wconf 80' lang='grc' dir='ltr'><strong>ΙΙ</strong></span> <span class='ocrx_word' id='word_1_251' title='bbox 376 3144 409 3193; x_wconf 83' lang='grc'><strong>14</strong></span> <span class='ocrx_word' id='word_1_252' title='bbox 426 3144 527 3194; x_wconf 82' lang='lat' dir='ltr'><strong>merita</strong></span> <span class='ocrx_word' id='word_1_253' title='bbox 545 3148 601 3193; x_wconf 89' lang='lat' dir='ltr'><strong>tam</strong></span> <span class='ocrx_word' id='word_1_254' title='bbox 619 3145 726 3206; x_wconf 81' lang='lat' dir='ltr'><strong>scripsi:</strong></span> <span class='ocrx_word' id='word_1_255' title='bbox 744 3141 839 3192; x_wconf 84' lang='lat' dir='ltr'><strong>merita</strong></span> <span class='ocrx_word' id='word_1_256' title='bbox 857 3148 885 3192; x_wconf 88' lang='lat' dir='ltr'><strong>et</strong></span> <span class='ocrx_word' id='word_1_257' title='bbox 903 3142 930 3189; x_wconf 80' lang='grc'><strong>11</strong></span> <span class='ocrx_word' id='word_1_258' title='bbox 945 3139 950 3206; x_wconf 81' lang='grc' dir='ltr'>Ι</span> <span class='ocrx_word' id='word_1_259' title='bbox 965 3141 1055 3210; x_wconf 87' lang='lat' dir='ltr'><strong>prima</strong></span> <span class='ocrx_word' id='word_1_260' title='bbox 1074 3141 1118 3190; x_wconf 85' lang='lat' dir='ltr'><strong>W:</strong></span> 
     </span>
     <span class='ocr_line' id='line_1_36' title="bbox 143 3207 1118 3278; baseline -0.001 -19"><span class='ocrx_word' id='word_1_261' title='bbox 143 3211 252 3278; x_wconf 86' lang='lat' dir='ltr'><strong>primas</strong></span> <span class='ocrx_word' id='word_1_262' title='bbox 269 3211 292 3259; x_wconf 95' lang='lat' dir='ltr'>A</span> <span class='ocrx_word' id='word_1_263' title='bbox 308 3211 329 3260; x_wconf 78' lang='lat' dir='ltr'>B</span> <span class='ocrx_word' id='word_1_264' title='bbox 348 3214 365 3260; x_wconf 78' lang='lat' dir='ltr'><strong>c</strong></span> <span class='ocrx_word' id='word_1_265' title='bbox 384 3213 406 3260; x_wconf 82' lang='lat' dir='ltr'>V</span> <span class='ocrx_word' id='word_1_266' title='bbox 427 3209 437 3276; x_wconf 83' lang='grc' dir='ltr'><strong>ΙΙ</strong></span> <span class='ocrx_word' id='word_1_267' title='bbox 462 3214 493 3262; x_wconf 81' lang='grc'><strong>17</strong></span> <span class='ocrx_word' id='word_1_268' title='bbox 512 3212 596 3262; x_wconf 86' lang='lat' dir='ltr'><strong>etiam</strong></span> <span class='ocrx_word' id='word_1_269' title='bbox 614 3211 648 3259; x_wconf 84' lang='lat' dir='ltr'><strong>A:</strong></span> <span class='ocrx_word' id='word_1_270' title='bbox 669 3214 697 3260; x_wconf 87' lang='lat' dir='ltr'><strong>et</strong></span> <span class='ocrx_word' id='word_1_271' title='bbox 715 3216 774 3260; x_wconf 78' lang='lat' dir='ltr'><strong>cett.</strong></span> <span class='ocrx_word' id='word_1_272' title='bbox 795 3207 799 3273; x_wconf 85' lang='grc' dir='ltr'>Ι</span> <span class='ocrx_word' id='word_1_273' title='bbox 819 3209 1118 3262; x_wconf 76' lang='grc' dir='ltr'><strong>11111111111111111111.Ι</strong></span> 
     </span>
     <span class='ocr_line' id='line_1_37' title="bbox 145 3272 1118 3343; baseline -0.002 -15"><span class='ocrx_word' id='word_1_274' title='bbox 145 3279 262 3342; x_wconf 83' lang='lat' dir='ltr'><strong>metycia</strong></span> <span class='ocrx_word' id='word_1_275' title='bbox 278 3278 302 3326; x_wconf 97' lang='lat' dir='ltr'>A</span> <span class='ocrx_word' id='word_1_276' title='bbox 319 3280 424 3330; x_wconf 85' lang='lat' dir='ltr'><strong>metiois</strong></span> <span class='ocrx_word' id='word_1_277' title='bbox 441 3279 550 3328; x_wconf 76' lang='lat' dir='ltr'>BGVW</span> <span class='ocrx_word' id='word_1_278' title='bbox 563 3277 627 3330; x_wconf 86' lang='lat' dir='ltr'><strong>Mul.</strong></span> <span class='ocrx_word' id='word_1_279' title='bbox 640 3277 715 3328; x_wconf 84' lang='lat' dir='ltr'><strong>Bert.</strong></span> <span class='ocrx_word' id='word_1_280' title='bbox 728 3274 737 3342; x_wconf 88' lang='grc' dir='ltr'><strong>ΙΙ</strong></span> <span class='ocrx_word' id='word_1_281' title='bbox 755 3280 788 3328; x_wconf 80' lang='lat'><strong>23</strong></span> <span class='ocrx_word' id='word_1_282' title='bbox 806 3272 932 3343; x_wconf 87' lang='lat' dir='ltr'><strong>nimium]</strong></span> <span class='ocrx_word' id='word_1_283' title='bbox 950 3278 1047 3326; x_wconf 88' lang='lat' dir='ltr'><strong>mirum</strong></span> <span class='ocrx_word' id='word_1_284' title='bbox 1064 3278 1118 3326; x_wconf 85' lang='lat' dir='ltr'><strong>Pa·</strong></span> 
     </span>
     <span class='ocr_line' id='line_1_38' title="bbox 146 3341 1118 3411; baseline -0.003 -15"><span class='ocrx_word' id='word_1_285' title='bbox 146 3353 240 3396; x_wconf 69' lang='lat' dir='ltr'><strong>[eunus</strong></span> <span class='ocrx_word' id='word_1_286' title='bbox 264 3343 274 3411; x_wconf 87' lang='grc' dir='ltr'><strong>ΙΙ</strong></span> <span class='ocrx_word' id='word_1_287' title='bbox 298 3347 331 3396; x_wconf 79' lang='lat'><strong>25</strong></span> <span class='ocrx_word' id='word_1_288' title='bbox 348 3345 486 3409; x_wconf 84' lang='lat' dir='ltr'><strong>laudibus]</strong></span> <span class='ocrx_word' id='word_1_289' title='bbox 504 3363 552 3398; x_wconf 83' lang='lat' dir='ltr'><strong>am.</strong></span> <span class='ocrx_word' id='word_1_290' title='bbox 569 3347 592 3395; x_wconf 95' lang='lat' dir='ltr'>A</span> <span class='ocrx_word' id='word_1_291' title='bbox 609 3347 715 3396; x_wconf 84' lang='lat' dir='ltr'><strong>meritis</strong></span> <span class='ocrx_word' id='word_1_292' title='bbox 734 3346 767 3392; x_wconf 99' lang='lat' dir='ltr'>W</span> <span class='ocrx_word' id='word_1_293' title='bbox 785 3351 844 3408; x_wconf 86' lang='lat' dir='ltr'><strong>post</strong></span> <span class='ocrx_word' id='word_1_294' title='bbox 862 3348 976 3396; x_wconf 82' lang='lat' dir='ltr'><strong>lacunam</strong></span> <span class='ocrx_word' id='word_1_295' title='bbox 993 3348 1027 3396; x_wconf 79' lang='lat'><strong>26</strong></span> <span class='ocrx_word' id='word_1_296' title='bbox 1044 3346 1091 3394; x_wconf 81' lang='lat' dir='ltr'><strong>litt.</strong></span> <span class='ocrx_word' id='word_1_297' title='bbox 1111 3341 1118 3408; x_wconf 77' lang='lat' dir='ltr'><strong>ll</strong></span> 
     </span>
     <span class='ocr_line' id='line_1_39' title="bbox 146 3413 1168 3480; baseline 0.003 -18"><span class='ocrx_word' id='word_1_298' title='bbox 146 3415 183 3464; x_wconf 78' lang='lat'><strong>29</strong></span> <span class='ocrx_word' id='word_1_299' title='bbox 202 3428 255 3478; x_wconf 90' lang='lat' dir='ltr'><strong>quo</strong></span> <span class='ocrx_word' id='word_1_300' title='bbox 270 3429 403 3478; x_wconf 86' lang='lat' dir='ltr'><strong>prospera</strong></span> <span class='ocrx_word' id='word_1_301' title='bbox 415 3414 469 3464; x_wconf 84' lang='lat' dir='ltr'><strong>tuis</strong></span> <span class='ocrx_word' id='word_1_302' title='bbox 484 3419 557 3476; x_wconf 77' lang='lat' dir='ltr'><strong>grat.</strong></span> <span class='ocrx_word' id='word_1_303' title='bbox 569 3415 678 3479; x_wconf 77' lang='lat' dir='ltr'><strong>scripsi:</strong></span> <span class='ocrx_word' id='word_1_304' title='bbox 697 3427 765 3478; x_wconf 89' lang='lat' dir='ltr'><strong>quos</strong></span> <span class='ocrx_word' id='word_1_305' title='bbox 779 3413 845 3478; x_wconf 88' lang='lat' dir='ltr'><strong>(quo</strong></span> <span class='ocrx_word' id='word_1_306' title='bbox 857 3413 900 3475; x_wconf 94' lang='lat' dir='ltr'><strong>W)</strong></span> <span class='ocrx_word' id='word_1_307' title='bbox 919 3429 967 3480; x_wconf 88' lang='lat' dir='ltr'><strong>pro</strong></span> <span class='ocrx_word' id='word_1_308' title='bbox 981 3413 1036 3478; x_wconf 86' lang='lat' dir='ltr'><strong>tuis</strong></span> <span class='ocrx_word' id='word_1_309' title='bbox 1048 3415 1118 3477; x_wconf 79' lang='lat' dir='ltr'><strong>grat.</strong></span> <span class='ocrx_word' id='word_1_310' title='bbox 1166 3461 1168 3465; x_wconf 79' lang='grc'>,</span> 
     </span>
     <span class='ocr_line' id='line_1_40' title="bbox 145 3481 1119 3547; baseline -0.002 -18"><span class='ocrx_word' id='word_1_311' title='bbox 145 3481 177 3529; x_wconf 78' lang='grc'><strong>11</strong></span> <span class='ocrx_word' id='word_1_312' title='bbox 194 3481 265 3545; x_wconf 89' lang='lat' dir='ltr'><strong>quod</strong></span> <span class='ocrx_word' id='word_1_313' title='bbox 285 3498 333 3546; x_wconf 87' lang='lat' dir='ltr'><strong>pro</strong></span> <span class='ocrx_word' id='word_1_314' title='bbox 348 3484 403 3531; x_wconf 90' lang='lat' dir='ltr'><strong>tuis</strong></span> <span class='ocrx_word' id='word_1_315' title='bbox 421 3481 569 3546; x_wconf 87' lang='lat' dir='ltr'><strong>pertuleris</strong></span> <span class='ocrx_word' id='word_1_316' title='bbox 583 3483 687 3547; x_wconf 83' lang='lat' dir='ltr'><strong>Lipsius</strong></span> <span class='ocrx_word' id='word_1_317' title='bbox 705 3497 753 3546; x_wconf 87' lang='lat' dir='ltr'><strong>pro</strong></span> <span class='ocrx_word' id='word_1_318' title='bbox 767 3497 819 3546; x_wconf 91' lang='lat' dir='ltr'><strong>quo</strong></span> <span class='ocrx_word' id='word_1_319' title='bbox 833 3481 888 3531; x_wconf 88' lang='lat' dir='ltr'><strong>tuis</strong></span> <span class='ocrx_word' id='word_1_320' title='bbox 903 3485 973 3546; x_wconf 85' lang='lat' dir='ltr'><strong>grat.</strong></span> <span class='ocrx_word' id='word_1_321' title='bbox 988 3481 1119 3530; x_wconf 82' lang='lat' dir='ltr'><strong>Liuineius</strong></span> 
     </span>
    </p>
   </div>
   <div class='ocr_carea' id='block_1_4' title="bbox 0 0 1297 4000">
    <p class='ocr_par' dir='ltr' id='par_1_4' title="bbox 0 0 1297 4000">
     <span class='ocr_line' id='line_1_41' title="bbox 0 0 1297 4000; baseline 0 0"><span class='ocrx_word' id='word_1_322' title='bbox 0 0 1297 4000; x_wconf 95' lang='lat' dir='ltr'><strong> </strong></span> 
     </span>
    </p>
   </div>
  </div>
 </body>
</html>
