2572 3990
203 173 244 238 58
524 174 548 224 Ι.
581 173 616 227 01
630 173 745 224 PLINII
762 173 843 223 PAN.

201 324 363 388 dicionem
384 325 420 386 ut
441 325 570 386 senatus
590 322 682 385 fauor
705 321 789 405 apud
803 321 908 404 princi
931 343 984 386 em
1004 322 1083 386 haut
1097 345 1168 406 pro-

203 410 260 491 sit,
290 411 324 472 at
344 407 482 471 noceat?
519 427 631 470 nonne
651 407 745 488 paulo
774 409 850 470 ante
872 407 904 469 n'
931 406 954 470 il
976 406 1090 491 magis:
1104 411 1167 471 exi-

201 492 278 558 tiale
294 495 372 556 erat
385 513 481 574 quam
502 491 558 554 illa
572 491 726 574 principis
742 491 896 575 cogitatio
918 489 1014 556 ‘hunc
1037 495 1167 556 senatus

202 578 334 661 probat,
368 577 422 640 hio
455 577 582 640 senatui
615 597 706 638 carus
734 573 819 638 ess?
862 574 972 638 oderat
998 597 1079 658 quos
1104 598 1167 656 nos

174 681 399 743 sanaremus,
426 660 482 724 sed
509 663 541 724 et
566 680 626 723 nos
653 680 732 742 quos
756 659 823 724 ille.
867 681 953 723 nunc
974 660 1060 724 inter
1081 661 1167 743 prin·-

202 747 306 831 cipem
328 748 537 827 senatumque
559 743 742 828 dignissimi
769 745 921 828 cuiusque
944 744 1080 808 caritate
1102 767 1168 808 cer·

201 834 298 896 tatur.
348 831 603 893 demonstramus
635 828 788 911 inuicem,
826 828 983 892 credimus
1010 829 1166 912 inuicem,

170 965 171 970 1
202 915 348 998 quodque
374 913 548 977 maximum
577 913 694 994 amoris
722 913 825 976 mutui
853 914 981 996 signum
1005 917 1067 996 est,
1094 935 1167 978 eos·

201 1001 273 1064 dem
304 1020 456 1062 amamus.
508 998 660 1080 proinde,
686 1000 802 1080 patres
834 997 1023 1080 conscripti,
1055 998 1167 1074 fauete

163 1086 327 1168 caperis,
359 1082 483 1166 diligite
505 1084 699 1145 constanter.
738 1083 898 1144 'neniam
920 1081 1167 1146 dissimulandus

201 1172 250 1232 est
278 1188 376 1231 amor
393 1189 442 1230 ,ne
473 1169 614 1251 noceat3‘
646 1166 951 1249 non-premendum
979 1167 1088 1230 odium
1124 1189 1166 1231 ne

199 1253 317 1336 prosit:
346 1249 588 1316 eademilaesar
610 1272 690 1334 quac
712 1254 841 1314 senatus
856 1250 973 1334 probat
993 1251 1167 1336 improbat-

201 1359 271 1420 que.
302 1357 359 1400 nos
382 1335 437 1399 ille
451 1337 646 1419 praesentes,
670 1356 726 1398 uos
750 1335 848 1399 etiem
870 1335 1018 1399 absentes
1040 1337 1075 1399 in
1091 1357 1167 1400 ecn-

200 1423 271 1486 silic
292 1421 411 1484 habet.¹
430 1420 527 1483 tertio
550 1420 698 1482 consules
711 1419 789 1482 fecit
811 1440 888 1502 quos
910 1441 969 1483 uos
985 1419 1165 1504 elegeratis,

162 1521 187 1562 15
201 1509 233 1570 et
247 1505 325 1570 fecit
346 1504 407 1569 hoc
422 1503 535 1568 ordine
554 1524 617 1588 quo
640 1503 733 1568 electi
755 1526 775 1566 a
789 1503 881 1568 uobis
898 1507 999 1577 erant.
1028 1526 1164 1590 magnus

199 1593 332 1674 uterque
359 1589 461 1652 honor
488 1592 609 1672 nester,
642 1587 710 1652 siue
738 1588 865 1652 eosdem
892 1589 1166 1672 maxime-diligit

200 1695 285 1758 quos
307 1674 368 1738 scit
395 1673 498 1737 uobis
515 1695 584 1738 esse
612 1673 802 1754 carissimos
822 1673 889 1737 siue
916 1672 981 1737 illie
1002 1674 1165 1754 neminem

198 1759 356 1842 praefert,
390 1758 537 1841 quamuis
563 1757 702 1841 aliquem
729 1758 833 1842 magis
862 1760 971 1822 ametr.
991 1759 1164 1842 proposita

199 1848 275 1908 sunt
294 1843 473 1908 senioribus
488 1842 647 1927 praemia*
663 1840 831 1904 iuuenibus
853 1841 1012 1924 exempla:
1036 1843 1163 1925 adeant,

161 1945 186 1984 20
199 1927 405 2012 frequentent
427 1927 701 1991 securos-tandem
717 1945 754 1988 ac
766 1927 914 2008 patentes
930 1925 1057 1990 domos:
1080 1927 1164 2010 quis-

199 2012 269 2095 quis
297 2011 451 2095 probatos
484 2010 609 2073 senatui
638 2011 725 2072 uiros
758 2010 905 2092 suspicit,
943 2009 997 2074 hic
1024 2013 1163 2074 maxime

197 2096 376 2179 principem
395 2097 611 2176 :promeretur
656 2093 718 2156 sibi
749 2093 836 2156 enirn
863 2115 1043 2158 accrescere
1069 2097 1164 2178 putat

182 2178 283 2262 ¹quod
316 2178 429 2261 cuique
459 2177 642 2241 adstruatur
675 2177 860 2261 nullamque
891 2178 927 2241 in
947 2201 992 2242 ‘eo
1017 2176 1164 2264 gloriam

197 2263 290 2346 ponit
312 2261 397 2346 quod
424 2263 468 2326 sit
490 2263 637 2326 omnibus
660 2262 777 2344 maior,
806 2263 871 2326 nisi
891 2264 1027 2326 maximi-
1043 2263 1164 2327 fuerint

157 2365 185 2436 3⁵
198 2347 312 2430 quibus
340 2347 442 2410 maior
470 2349 527 2411 est.
572 2348 695 2430 persta,
727 2345 858 2427 Cacsar,-
887 2347 923 2410 in
949 2348 1013 2411 ista
1037 2349 1163 2412 ratione

197 2432 355 2516 propositi
387 2431 530 2514 talesque
557 2453 617 2496 nos
645 2431 871 2512 credequalis
896 2430 984 2495 fama
1011 2433 1163 2515 cuiusque

197 2519 254 2580 eat.
300 2515 374 2579 huic
395 2537 499 2595 aures,
523 2515 599 2578 huic
621 2515 728 2578 oculos
750 2514 899 2578 intende:
922 2535 963 2577 ne
980 2517 1163 2600 ¹respexeris

197 2599 413 2662 clandestinas
446 2598 698 2662 existimationes
733 2597 893 2681 nullisque
925 2600 1031 2683 magis
1068 2621 1163 2682 quam

197 2681 398 2747 audientibus
435 2682 625 2746 insidiantes
660 2701 814 2761 susurros,
864 2681 977 2745 melius
1014 2685 1162 2748 omnibus

159 2785 184 2825 ⁸0
197 2789 291 2852 quam
310 2767 461 2852 ,singulis
496 2766 643 2830 creditur.
695 2765 814 2851 singuli
842 2766 928 2830 enim
953 2765 1102 2851 decipere
1130 2770 1163 2832 et

195 2853 300 3000 placipi
321 2855 470 2937 possunt:
495 2873 589 2916 nemo
611 2871 736 2934 omncs,
754 2850 917 2915 nemiuem
938 2871 1049 2915 omnes
1071 2852 1162 2917 fefel-

209 2938 301 3002 erint.

264 3159 276 3206 1
298 3163 346 3208 aut
364 3159 451 3224 prosit
469 3163 517 3208 atrt
534 3159 630 3206 noceat
647 3157 688 3215 u,
710 3158 818 3206 correxi
840 3154 850 3222 ΙΙ
873 3157 890 3205 4
908 3169 958 3206 nos
976 3171 1028 3209 arn.
1047 3171 1081 3209 w:
1107 3171 1162 3206 non

194 3241 247 3275 arn.
267 3223 321 3289 1111
339 3229 355 3276 5
372 3227 508 3290 principes
520 3225 553 3272 W
570 3222 579 3288 11
597 3226 612 3272 9
631 3223 722 3272 fouere
740 3225 757 3271 0
776 3221 785 3286 11
804 3224 835 3272 16
854 3224 948 3288 utique
966 3225 1072 3289 Lipsius
1086 3223 1095 3286 l
1114 3224 1163 3273 hc·

115 3297 117 3302 '
195 3306 246 3342 nor
264 3307 310 3341 om.
329 3290 374 3358 1111
396 3295 426 3343 17
446 3293 525 3342 nobis
545 3294 562 3339 c
579 3290 590 3355 {t
609 3291 640 3339 18
658 3289 801 3354 proposita
819 3291 896 3338 Νι
918 3293 1059 3356 preposite
1077 3292 1128 3340 GV
1145 3287 1158 3355 11

195 3361 228 3409 20
240 3359 403 3423 frequenter
421 3361 438 3408 0
461 3358 471 3424 ΙΙ
495 3360 529 3408 21Ι
547 3355 663 3420 suspicit
681 3356 827 3408 Liuineius:
854 3357 1013 3422 suscipit!
1037 3359 1047 3422 ΙΙ
1070 3361 1102 3410 22
1121 3372 1162 3407 ac·

195 3440 303 3475 cernere
322 3428 338 3473 ὓ
356 3424 366 3490 ll
382 3429 415 3476 27
436 3427 490 3476 hue
508 3441 586 3475 aures
602 3423 657 3472 huc
675 3425 769 3476 oculos
788 3426 920 3476 Liuineius
935 3423 945 3490 ΙΙ
967 3428 999 3476 31
1017 3425 1162 3488 fefellerint

195 3492 368 3544 Schwarzius:
387 3492 542 3542 fefellerunt
560 3492 587 3539 ti
961 3515 962 3518 ¹
