2572 3990
164 129 205 194 56
492 130 514 180 1.
543 128 573 182 o.
591 130 709 182 enirn
727 128 806 180 eru.

165 283 229 363 aut,
259 280 286 344 si
315 282 416 363 putet,
446 281 539 343 amet.
588 277 683 342 debes
711 299 796 362 ergo,
826 278 954 362 Caesar,
983 282 1016 342 et
1037 280 1136 347 soluis

165 367 207 448 et,
231 386 303 428 cum
317 368 367 428 ter
383 363 528 427 consules
543 361 635 442 facis,
658 384 726 427 non
748 362 808 426 tibi
823 384 957 446 magnus
976 364 1137 448 princeps,

165 449 220 512 sed
249 470 317 513 non
345 449 492 532 ingratus
520 447 640 511 amicus
668 447 797 514 uideris.
840 448 1038 529 quinetiam
1064 471 1137 532 per-

167 554 261 616 quam
285 532 411 596 modica
433 532 587 616 quaedam
610 531 728 596 ciuium
749 531 863 594 merita
891 531 1039 596 fortunae
1061 537 1137 598 tuae

140 617 291 682 suiribus
318 617 354 681 in
384 617 486 680 maius
514 616 650 681 extollis,
700 615 801 679 efficis
831 615 917 679 enim
945 620 981 679 ut
1008 620 1135 682 tantum

165 701 226 766 tibi
257 702 389 786 quisque
417 701 613 784 praestitisse
641 699 788 763 uideatur
814 703 969 784 quantum
992 723 1011 764 a
1033 704 1065 765 te
1086 722 1134 766 re-

166 787 260 870 cepit.
298 785 375 869 quid
396 783 451 848 isti
474 785 668 868 benignitati
689 784 822 867 precer?
859 785 924 848 nisi
951 788 987 848 ut
1009 806 1135 869 semper

167 870 307 954 obliges,
338 868 490 953 obligaris
518 870 736 952 incertumque
766 869 866 932 iacias
894 872 1002 934 utrum
1030 871 1136 955 magis

166 954 316 1038 expediat
338 954 461 1018 ciuibus
483 953 547 1018 tuis
570 953 684 1018 debere
706 953 766 1016 tibi
789 975 831 1016 an
852 953 1063 1037 praestitisse.

108 1057 153 1098 '10
231 1037 314 1106 LXI.
350 1037 507 1121 Equidem
529 1037 620 1102 illum
638 1037 805 1120 antiquum
828 1041 974 1102 senatum
990 1040 1134 1103 contueri

164 1123 306 1205 uidebar,
336 1144 408 1188 cum
435 1125 485 1186 ter
508 1122 638 1186 consule
666 1121 826 1188 assidente
854 1123 949 1186 tertio
972 1123 1135 1188 consulem

166 1207 370 1292 designatum
406 1207 514 1292 rogari
559 1207 754 1272 sententiam
790 1227 962 1271 cernerem.
1021 1208 1134 1291 quanti

164 1295 242 1355 tunc
264 1291 312 1355 illi
341 1295 540 1376 quantusque
561 1293 613 1355 tul
654 1291 772 1356 accidit
793 1291 921 1375 quidem
942 1294 978 1356 ut
1000 1311 1136 1376 corpora

187 1376 341 1441 uamlibet
373 1377 473 1440 ardua
508 1380 540 1441 et
578 1375 702 1440 excelsa
737 1375 971 1459 procerioribus
1005 1377 1135 1441 admota

127 1478 153 1518 15
165 1398 369 1543 decrescant3
410 1461 487 1526 item
523 1463 559 1524 ut
595 1460 768 1525 altissimae
806 1460 923 1524 ciuium
960 1460 1135 1545 dignitates

166 1545 338 1609 collatione
365 1544 490 1629 fastigii
511 1546 558 1608 tui
586 1546 678 1628 quasi
708 1544 927 1628 deprimantur
955 1549 1135 1629 quantoque

165 1629 295 1713 propius
324 1629 365 1693 ad
387 1629 645 1714 magnitudinem
666 1635 756 1694 tuam
784 1628 986 1694 ascenderint
1007 1633 1133 1694 tantum

166 1714 262 1778 etiam
286 1736 304 1777 a
327 1735 384 1778 sua
406 1714 606 1779 descendisse
628 1714 806 1780 uideantur.
852 1713 923 1777 illos
951 1717 1061 1778 tamen
1089 1717 1136 1798 tu,

65 1805 67 1810 '
166 1819 359 1882 quamquam
385 1820 453 1863 non
480 1799 614 1881 potuisti
646 1800 706 1863 tibi
745 1819 890 1881 aequare,
925 1819 997 1862 cum
1024 1798 1133 1882 uelles,

126 1901 153 1941 20
166 1882 244 1947 adeo
276 1885 311 1947 in
346 1882 429 1946 edito
466 1882 631 1948 collocasti
663 1886 699 1946 ut
731 1886 857 1947 tantum
890 1903 986 1966 super
1014 1887 1135 1947 ceteros

168 1970 321 2047 quantum
343 1965 429 2031 inira
451 1969 484 2030 te
498 1971 713 2032 cernerentur.
748 1968 775 2030 si
797 1968 892 2031 unius
914 1967 1043 2031 tertium
1060 1988 1135 2031 oon·

167 2051 305 2114 sulatum
340 2051 476 2114 eundem
508 2051 543 2113 in
576 2072 696 2114 annum
728 2051 763 2114 in
792 2073 886 2132 quem
910 2055 1001 2116 tuum
1024 2055 1135 2116 contu-

165 2135 268 2212 lisses,
290 2133 433 2218 ingentis
457 2134 557 2198 animi
579 2133 741 2218 specimen
763 2135 943 2200 haberetur.
990 2139 1028 2200 ut
1050 2136 1135 2201 enim

166 2217 332 2282 felicitatis
356 2221 404 2282 est
426 2221 582 2301 quantum
603 2218 683 2283 uelis
705 2240 809 2304 posse,
833 2221 880 2284 sic
900 2220 1137 2305 magnitudinis

128 2319 153 2360 aa
166 2302 248 2366 uelle
272 2305 428 2386 quantum
449 2304 563 2386 possis.
600 2304 777 2368 laudandus
800 2306 928 2389 quidem
951 2309 983 2369 et
1004 2303 1059 2368 ille
1081 2304 1136 2388 qui

168 2387 368 2451 consulatum
390 2390 521 2451 tertium
543 2389 668 2472 meruit,
697 2390 751 2454 sed
773 2391 877 2474 magis
907 2391 965 2455 sub
988 2410 1049 2472 quo
1071 2411 1135 2454 me-

166 2473 246 2535 ruit:
268 2493 405 2618 magnus
428 2473 716 2556 memorandusque
733 2474 788 2556 qui
809 2477 937 2538 tantum
959 2473 1136 2557 praemium

167 2557 262 2638 cepit,
286 2577 319 2619 se
363 2556 466 2620 maior
481 2555 535 2639 qui
558 2558 699 2640 capienti
715 2557 812 2622 dedit.
849 2559 934 2644 quid,
958 2557 1042 2642 quod
1058 2556 1136 2621 duos

167 2641 288 2723 pariter
309 2641 403 2703 tertio
427 2640 605 2724 consulatu,
629 2641 707 2705 duos
735 2640 814 2706 colle
841 2643 862 2706 'i
889 2644 937 2706 tui
965 2641 1137 2706 sanctitate

129 2742 154 2780 ³0
167 2723 346 2788 decorasti?
380 2726 416 2788 ut
448 2725 491 2788 sit
523 2725 646 2789 nemini
674 2725 805 2790 dubium
851 2747 911 2791 ano
933 2726 992 2791 tibi
1014 2726 1135 2808 praeci-

167 2831 264 2892 puam
294 2829 421 2873 causam
452 2808 550 2873 fuisse
578 2809 768 2874 extendendi
803 2810 987 2875 consulatus
1020 2809 1068 2873 tui
1100 2813 1139 2872 ut

168 2893 302 2958 duorum
324 2893 506 2958 consulatus
529 2894 772 2978 amplecteretur
792 2899 824 2959 te
847 2895 1011 2979 collegam.
1042 2915 1136 2976 quem

237 3049 299 3096 iet
318 3063 378 3098 cum
398 3049 536 3098 Gruterm:
560 3049 609 3099 sed
628 3064 688 3099 cum
707 3047 784 3114 11115
802 3048 830 3097 in
853 3063 948 3098 manus
965 3050 986 3097 B
1003 3049 1026 3096 V
1038 3045 1076 3112 116
1095 3063 1137 3097 re·

170 3114 245 3174 cepit
263 3128 291 3176 ςε
309 3117 411 3179 recipit
428 3118 456 3163 11
485 3113 495 3180 ΙΙ
526 3119 557 3166 13
576 3117 727 3180 quantique
745 3113 919 3180 etquidem]
939 3117 1047 3167 enimc
1071 3112 1081 3179 ΙΙ
1104 3116 1138 3165 15

168 3177 211 3242 ut]
231 3179 277 3228 uel
295 3181 314 3228 B
332 3183 355 3229 V
385 3180 395 3246 ΙΙ
424 3185 457 3232 23
476 3178 574 3248 animi]
602 3183 702 3233 annio
732 3179 742 3246 ΙΙ
772 3185 805 3232 26
827 3184 941 3234 tertium
963 3181 1136 3234 consulatum

168 3249 186 3295 0
216 3243 225 3309 ΙΙ
255 3248 288 3297 29
308 3247 422 3312 collegii
439 3250 559 3313 Lipsius:
578 3249 701 3312 collegas
718 3251 759 3306 13
791 3267 824 3300 as
843 3251 912 3301 duos
930 3250 1052 3316 collegas
1071 3254 1136 3299 tuae

168 3314 327 3363 sanctitatis
340 3315 471 3366 societate
485 3317 641 3367 decorasti?
655 3315 664 3382 ΙΙ
677 3319 710 3366 32
722 3332 760 3382 sq.
780 3319 994 3384 amplecteretur
1014 3321 1042 3367 et
1052 3314 1137 3367 colle·

169 3395 232 3496 giam
252 3394 329 3497 qqae'
341 3382 539 3447 (collegamque
552 3385 576 3442 c)
591 3390 618 3434 te
631 3399 685 3434 non
697 3386 746 3434 uni
758 3385 837 3436 daret
850 3391 964 3450 uterque
976 3386 1012 3446 lli,
1030 3385 1140 3436 corrept

168 3463 182 3498 e
210 3462 276 3511 supp
288 3463 328 3498 eut
