<?xml version="1.0" encoding="UTF-8"?>
<!DOCTYPE html PUBLIC "-//W3C//DTD XHTML 1.0 Transitional//EN"
    "http://www.w3.org/TR/xhtml1/DTD/xhtml1-transitional.dtd">
<html xmlns="http://www.w3.org/1999/xhtml" xml:lang="en" lang="en">
 <head>
  <title>
</title>
<meta http-equiv="Content-Type" content="text/html;charset=utf-8" />
  <meta name='ocr-system' content='tesseract 3.04.00' />
  <meta name='ocr-capabilities' content='ocr_page ocr_carea ocr_par ocr_line ocrx_word'/>
</head>
<body>
  <div class='ocr_page' id='page_1' title='image "./xiipanegyricila02baehgoog_0177.png"; bbox 0 0 2578 4000; ppageno 0'>
   <div class='ocr_carea' id='block_1_1' title="bbox 301 223 1078 289">
    <p class='ocr_par' dir='ltr' id='par_1_1' title="bbox 301 223 1078 289">
     <span class='ocr_line' id='line_1_1' title="bbox 301 223 1078 289; baseline 0 -13"><span class='ocrx_word' id='word_1_1' title='bbox 301 224 529 276; x_wconf 82' lang='lat' dir='ltr'>CONSTANTIO</span> <span class='ocrx_word' id='word_1_2' title='bbox 549 224 703 277; x_wconf 77' lang='lat' dir='ltr'>CAESARI</span> <span class='ocrx_word' id='word_1_3' title='bbox 722 225 755 276; x_wconf 91' lang='lat' dir='ltr'>D.</span> <span class='ocrx_word' id='word_1_4' title='bbox 776 227 884 276; x_wconf 76' lang='lat'>16-18.</span> <span class='ocrx_word' id='word_1_5' title='bbox 1017 223 1078 289; x_wconf 82' lang='lat'>145</span> 
     </span>
    </p>
   </div>
   <div class='ocr_carea' id='block_1_2' title="bbox 103 373 1078 630">
    <p class='ocr_par' dir='ltr' id='par_1_2' title="bbox 103 373 1078 630">
     <span class='ocr_line' id='line_1_2' title="bbox 103 373 1077 473; baseline -0.001 -33"><span class='ocrx_word' id='word_1_6' title='bbox 103 374 223 461; x_wconf 82' lang='lat' dir='ltr'>uagari</span> <span class='ocrx_word' id='word_1_7' title='bbox 239 377 279 472; x_wconf 34' lang='lat' dir='ltr'>&#39;et</span> <span class='ocrx_word' id='word_1_8' title='bbox 299 374 438 473; x_wconf 75' lang='lat' dir='ltr'>flagrare</span> <span class='ocrx_word' id='word_1_9' title='bbox 459 377 587 459; x_wconf 88' lang='lat' dir='ltr'>poterat</span> <span class='ocrx_word' id='word_1_10' title='bbox 608 394 703 458; x_wconf 87' lang='lat' dir='ltr'>quum</span> <span class='ocrx_word' id='word_1_11' title='bbox 725 373 789 438; x_wconf 90' lang='lat' dir='ltr'>late</span> <span class='ocrx_word' id='word_1_12' title='bbox 812 374 915 440; x_wconf 91' lang='lat' dir='ltr'>omnis</span> <span class='ocrx_word' id='word_1_13' title='bbox 938 394 1077 440; x_wconf 84' lang='lat' dir='ltr'>oceanus</span> 
     </span>
     <span class='ocr_line' id='line_1_3' title="bbox 105 459 1078 630; baseline 0 -21"><span class='ocrx_word' id='word_1_14' title='bbox 105 465 140 524; x_wconf 61' lang='lat' dir='ltr'>et</span> <span class='ocrx_word' id='word_1_15' title='bbox 161 459 658 630; x_wconf 35' lang='lat' dir='ltr'>{eiiiiimndbddduseniiirzundi</span> <span class='ocrx_word' id='word_1_16' title='bbox 683 545 770 607; x_wconf 88' lang='lat' dir='ltr'>metu</span> <span class='ocrx_word' id='word_1_17' title='bbox 797 544 898 608; x_wconf 87' lang='lat' dir='ltr'>uestri</span> <span class='ocrx_word' id='word_1_18' title='bbox 925 543 993 609; x_wconf 90' lang='lat' dir='ltr'>lues</span> <span class='ocrx_word' id='word_1_19' title='bbox 1021 542 1078 609; x_wconf 88' lang='lat' dir='ltr'>illa</span> 
     </span>
    </p>
   </div>
   <div class='ocr_carea' id='block_1_3' title="bbox 105 627 1131 710">
    <p class='ocr_par' dir='ltr' id='par_1_3' title="bbox 105 627 1131 710">
     <span class='ocr_line' id='line_1_4' title="bbox 105 627 1131 710; baseline -0.003 -15"><span class='ocrx_word' id='word_1_20' title='bbox 105 629 186 695; x_wconf 86' lang='lat' dir='ltr'>solis</span> <span class='ocrx_word' id='word_1_21' title='bbox 214 627 403 694; x_wconf 74' lang='lat' dir='ltr'>Britanniae</span> <span class='ocrx_word' id='word_1_22' title='bbox 430 629 606 694; x_wconf 87' lang='lat' dir='ltr'>uisceribus</span> <span class='ocrx_word' id='word_1_23' title='bbox 636 627 797 710; x_wconf 76' lang='lat' dir='ltr'>incubuit,</span> <span class='ocrx_word' id='word_1_24' title='bbox 829 628 949 693; x_wconf 89' lang='lat' dir='ltr'>idcirco</span> <span class='ocrx_word' id='word_1_25' title='bbox 975 630 1077 693; x_wconf 87' lang='lat' dir='ltr'>nesci·</span> <span class='ocrx_word' id='word_1_26' title='bbox 1128 671 1131 679; x_wconf 38' lang='lat' dir='ltr'>s</span> 
     </span>
    </p>
   </div>
   <div class='ocr_carea' id='block_1_4' title="bbox 104 711 1116 1489">
    <p class='ocr_par' dir='ltr' id='par_1_4' title="bbox 104 711 1116 1489">
     <span class='ocr_line' id='line_1_5' title="bbox 104 711 1103 800; baseline -0.004 -22"><span class='ocrx_word' id='word_1_27' title='bbox 104 735 178 778; x_wconf 86' lang='lat' dir='ltr'>mus</span> <span class='ocrx_word' id='word_1_28' title='bbox 208 717 329 800; x_wconf 83' lang='lat' dir='ltr'>quanto</span> <span class='ocrx_word' id='word_1_29' title='bbox 362 735 395 778; x_wconf 91' lang='lat' dir='ltr'>se</span> <span class='ocrx_word' id='word_1_30' title='bbox 424 714 503 778; x_wconf 86' lang='lat' dir='ltr'>alias</span> <span class='ocrx_word' id='word_1_31' title='bbox 531 713 639 778; x_wconf 83' lang='lat' dir='ltr'>furore</span> <span class='ocrx_word' id='word_1_32' title='bbox 667 713 833 793; x_wconf 85' lang='lat' dir='ltr'>iactasset,</span> <span class='ocrx_word' id='word_1_33' title='bbox 871 714 898 779; x_wconf 87' lang='lat' dir='ltr'>si</span> <span class='ocrx_word' id='word_1_34' title='bbox 926 711 1103 778; x_wconf 77' lang='lat' dir='ltr'>fiduciamu</span> 
     </span>
     <span class='ocr_line' id='line_1_6' title="bbox 105 797 1077 884; baseline 0.001 -22"><span class='ocrx_word' id='word_1_35' title='bbox 105 819 187 884; x_wconf 85' lang='lat' dir='ltr'>paru</span> <span class='ocrx_word' id='word_1_36' title='bbox 231 798 309 862; x_wconf 89' lang='lat' dir='ltr'>andi</span> <span class='ocrx_word' id='word_1_37' title='bbox 337 819 401 882; x_wconf 87' lang='lat' dir='ltr'>qua</span> <span class='ocrx_word' id='word_1_38' title='bbox 426 799 560 884; x_wconf 89' lang='lat' dir='ltr'>patebat</span> <span class='ocrx_word' id='word_1_39' title='bbox 582 797 757 862; x_wconf 77' lang='lat' dir='ltr'>habuisset.</span> <span class='ocrx_word' id='word_1_40' title='bbox 801 797 892 862; x_wconf 93' lang='lat' dir='ltr'>nullo</span> <span class='ocrx_word' id='word_1_41' title='bbox 920 798 1077 882; x_wconf 87' lang='lat' dir='ltr'>siquidem</span> 
     </span>
     <span class='ocr_line' id='line_1_7' title="bbox 106 881 1079 982; baseline -0.001 -34"><span class='ocrx_word' id='word_1_42' title='bbox 106 887 196 948; x_wconf 84' lang='lat' dir='ltr'>certo</span> <span class='ocrx_word' id='word_1_43' title='bbox 257 903 275 948; x_wconf 88' lang='lat' dir='ltr'>e</span> <span class='ocrx_word' id='word_1_44' title='bbox 290 884 448 948; x_wconf 89' lang='lat' dir='ltr'>montium</span> <span class='ocrx_word' id='word_1_45' title='bbox 470 887 527 947; x_wconf 89' lang='lat' dir='ltr'>aut</span> <span class='ocrx_word' id='word_1_46' title='bbox 543 881 713 948; x_wconf 90' lang='lat' dir='ltr'>fluminum</span> <span class='ocrx_word' id='word_1_47' title='bbox 728 883 963 947; x_wconf 80' lang='lat' dir='ltr'>terminabatur</span> <span class='ocrx_word' id='word_1_48' title='bbox 983 903 1079 982; x_wconf 81' lang='lat' dir='ltr'>quem</span> 
     </span>
     <span class='ocr_line' id='line_1_8' title="bbox 106 966 1077 1053; baseline 0 -21"><span class='ocrx_word' id='word_1_49' title='bbox 106 968 283 1052; x_wconf 80' lang='lat' dir='ltr'>dispositae</span> <span class='ocrx_word' id='word_1_50' title='bbox 315 966 427 1033; x_wconf 91' lang='lat' dir='ltr'>limitis</span> <span class='ocrx_word' id='word_1_51' title='bbox 460 967 622 1032; x_wconf 84' lang='lat' dir='ltr'>custodiae</span> <span class='ocrx_word' id='word_1_52' title='bbox 648 971 829 1050; x_wconf 87' lang='lat' dir='ltr'>tuerentur,</span> <span class='ocrx_word' id='word_1_53' title='bbox 866 968 921 1033; x_wconf 89' lang='lat' dir='ltr'>sed</span> <span class='ocrx_word' id='word_1_54' title='bbox 949 966 1077 1053; x_wconf 87' lang='lat' dir='ltr'>ubrque,</span> 
     </span>
     <span class='ocr_line' id='line_1_9' title="bbox 105 1052 1076 1137; baseline -0.001 -19"><span class='ocrx_word' id='word_1_55' title='bbox 105 1052 202 1118; x_wconf 81' lang='lat' dir='ltr'>uanis</span> <span class='ocrx_word' id='word_1_56' title='bbox 243 1052 319 1118; x_wconf 84' lang='lat' dir='ltr'>iicet</span> <span class='ocrx_word' id='word_1_57' title='bbox 361 1052 402 1117; x_wconf 95' lang='lat' dir='ltr'>ob</span> <span class='ocrx_word' id='word_1_58' title='bbox 438 1053 591 1118; x_wconf 87' lang='lat' dir='ltr'>uirtutem</span> <span class='ocrx_word' id='word_1_59' title='bbox 633 1052 882 1137; x_wconf 80' lang='lat' dir='ltr'>felicitatemque</span> <span class='ocrx_word' id='word_1_60' title='bbox 924 1055 1076 1137; x_wconf 85' lang='lat' dir='ltr'>uestram,</span> 
     </span>
     <span class='ocr_line' id='line_1_10' title="bbox 106 1136 1116 1222; baseline -0.003 -20"><span class='ocrx_word' id='word_1_61' title='bbox 106 1137 236 1222; x_wconf 81' lang='lat' dir='ltr'>magnis</span> <span class='ocrx_word' id='word_1_62' title='bbox 267 1141 378 1202; x_wconf 89' lang='lat' dir='ltr'>tamen</span> <span class='ocrx_word' id='word_1_63' title='bbox 414 1138 587 1203; x_wconf 84' lang='lat' dir='ltr'>terroribus</span> <span class='ocrx_word' id='word_1_64' title='bbox 623 1136 829 1220; x_wconf 86' lang='lat' dir='ltr'>imminebat,</span> <span class='ocrx_word' id='word_1_65' title='bbox 867 1159 930 1221; x_wconf 87' lang='lat' dir='ltr'>qua</span> <span class='ocrx_word' id='word_1_66' title='bbox 963 1140 1078 1222; x_wconf 89' lang='lat' dir='ltr'>patent</span> <span class='ocrx_word' id='word_1_67' title='bbox 1091 1157 1116 1197; x_wconf 90' lang='lat'>10</span> 
     </span>
     <span class='ocr_line' id='line_1_11' title="bbox 105 1222 1077 1308; baseline 0.001 -22"><span class='ocrx_word' id='word_1_68' title='bbox 105 1222 212 1286; x_wconf 87' lang='lat' dir='ltr'>maria</span> <span class='ocrx_word' id='word_1_69' title='bbox 238 1243 362 1308; x_wconf 86' lang='lat' dir='ltr'>quaque</span> <span class='ocrx_word' id='word_1_70' title='bbox 396 1223 486 1288; x_wconf 89' lang='lat' dir='ltr'>nenti</span> <span class='ocrx_word' id='word_1_71' title='bbox 514 1223 633 1287; x_wconf 88' lang='lat' dir='ltr'>ferunt.</span> <span class='ocrx_word' id='word_1_72' title='bbox 677 1222 863 1287; x_wconf 87' lang='lat' dir='ltr'>recursabat</span> <span class='ocrx_word' id='word_1_73' title='bbox 891 1223 1010 1306; x_wconf 90' lang='lat' dir='ltr'>quipe</span> <span class='ocrx_word' id='word_1_74' title='bbox 1041 1223 1077 1287; x_wconf 93' lang='lat' dir='ltr'>in</span> 
     </span>
     <span class='ocr_line' id='line_1_12' title="bbox 106 1245 1077 1391; baseline -0.001 -20"><span class='ocrx_word' id='word_1_75' title='bbox 106 1307 234 1371; x_wconf 83' lang='lat' dir='ltr'>animos</span> <span class='ocrx_word' id='word_1_76' title='bbox 265 1307 322 1372; x_wconf 91' lang='lat' dir='ltr'>illa</span> <span class='ocrx_word' id='word_1_77' title='bbox 349 1308 409 1372; x_wconf 88' lang='lat' dir='ltr'>sub</span> <span class='ocrx_word' id='word_1_78' title='bbox 436 1308 511 1372; x_wconf 92' lang='lat' dir='ltr'>diuo</span> <span class='ocrx_word' id='word_1_79' title='bbox 538 1307 644 1372; x_wconf 89' lang='lat' dir='ltr'>Probo</span> <span class='ocrx_word' id='word_1_80' title='bbox 671 1327 846 1391; x_wconf 89' lang='lat' dir='ltr'>paucorum</span> <span class='ocrx_word' id='word_1_81' title='bbox 876 1327 915 1370; x_wconf 84' lang='lat' dir='ltr'>cx</span> <span class='ocrx_word' id='word_1_82' title='bbox 943 1245 1077 1371; x_wconf 44' lang='lat' dir='ltr'>§rancis</span> 
     </span>
     <span class='ocr_line' id='line_1_13' title="bbox 106 1389 1076 1489; baseline -0.001 -32"><span class='ocrx_word' id='word_1_83' title='bbox 106 1392 308 1475; x_wconf 85' lang='lat' dir='ltr'>captiuorum</span> <span class='ocrx_word' id='word_1_84' title='bbox 335 1392 532 1458; x_wconf 83' lang='lat' dir='ltr'>incredibilia</span> <span class='ocrx_word' id='word_1_85' title='bbox 555 1391 688 1456; x_wconf 89' lang='lat' dir='ltr'>audacia</span> <span class='ocrx_word' id='word_1_86' title='bbox 717 1395 751 1455; x_wconf 88' lang='lat' dir='ltr'>et</span> <span class='ocrx_word' id='word_1_87' title='bbox 770 1389 908 1489; x_wconf 80' lang='lat' dir='ltr'>indigna</span> <span class='ocrx_word' id='word_1_88' title='bbox 928 1391 1076 1472; x_wconf 84' lang='lat' dir='ltr'>felicitas,</span> 
     </span>
    </p>
   </div>
   <div class='ocr_carea' id='block_1_5' title="bbox 105 1475 1136 1564">
    <p class='ocr_par' dir='ltr' id='par_1_5' title="bbox 105 1475 1136 1564">
     <span class='ocr_line' id='line_1_14' title="bbox 105 1475 1136 1564; baseline 0 -24"><span class='ocrx_word' id='word_1_89' title='bbox 105 1477 164 1562; x_wconf 87' lang='lat' dir='ltr'>qui</span> <span class='ocrx_word' id='word_1_90' title='bbox 178 1499 198 1540; x_wconf 86' lang='lat' dir='ltr'>a</span> <span class='ocrx_word' id='word_1_91' title='bbox 211 1480 312 1564; x_wconf 89' lang='lat' dir='ltr'>ponto</span> <span class='ocrx_word' id='word_1_92' title='bbox 329 1498 430 1563; x_wconf 89' lang='lat' dir='ltr'>usque</span> <span class='ocrx_word' id='word_1_93' title='bbox 445 1477 601 1561; x_wconf 87' lang='lat' dir='ltr'>correptis</span> <span class='ocrx_word' id='word_1_94' title='bbox 615 1475 752 1542; x_wconf 87' lang='lat' dir='ltr'>nauibus</span> <span class='ocrx_word' id='word_1_95' title='bbox 767 1475 936 1541; x_wconf 82' lang='lat' dir='ltr'>Graeciam</span> <span class='ocrx_word' id='word_1_96' title='bbox 951 1477 1076 1540; x_wconf 88' lang='lat' dir='ltr'>Asiam·</span> <span class='ocrx_word' id='word_1_97' title='bbox 1133 1525 1136 1532; x_wconf 55' lang='grc'>,</span> 
     </span>
    </p>
   </div>
   <div class='ocr_carea' id='block_1_6' title="bbox 103 1559 1116 2834">
    <p class='ocr_par' dir='ltr' id='par_1_6' title="bbox 103 1559 1116 2834">
     <span class='ocr_line' id='line_1_15' title="bbox 105 1559 1116 1708; baseline -0.006 -82"><span class='ocrx_word' id='word_1_98' title='bbox 105 1583 170 1646; x_wconf 89' lang='lat' dir='ltr'>que</span> <span class='ocrx_word' id='word_1_99' title='bbox 194 1561 340 1708; x_wconf 85' lang='lat' dir='ltr'>populati</span> <span class='ocrx_word' id='word_1_100' title='bbox 366 1584 427 1627; x_wconf 89' lang='lat' dir='ltr'>nee</span> <span class='ocrx_word' id='word_1_101' title='bbox 454 1562 585 1646; x_wconf 89' lang='lat' dir='ltr'>impunc</span> <span class='ocrx_word' id='word_1_102' title='bbox 606 1560 767 1646; x_wconf 87' lang='lat' dir='ltr'>plerisque</span> <span class='ocrx_word' id='word_1_103' title='bbox 788 1559 908 1644; x_wconf 85' lang='lat' dir='ltr'>Libyae</span> <span class='ocrx_word' id='word_1_104' title='bbox 930 1561 1077 1626; x_wconf 87' lang='lat' dir='ltr'>litoribus</span> <span class='ocrx_word' id='word_1_105' title='bbox 1091 1579 1116 1621; x_wconf 81' lang='lat'>15</span> 
     </span>
     <span class='ocr_line' id='line_1_16' title="bbox 105 1646 1076 1731; baseline 0 -21"><span class='ocrx_word' id='word_1_106' title='bbox 105 1665 195 1730; x_wconf 89' lang='lat' dir='ltr'>appu</span> <span class='ocrx_word' id='word_1_107' title='bbox 208 1647 235 1710; x_wconf 89' lang='lat' dir='ltr'>si</span> <span class='ocrx_word' id='word_1_108' title='bbox 257 1647 527 1731; x_wconf 67' lang='lat' dir='ltr'>ipsas&#39;postremo</span> <span class='ocrx_word' id='word_1_109' title='bbox 554 1646 725 1711; x_wconf 89' lang='lat' dir='ltr'>naualibus</span> <span class='ocrx_word' id='word_1_110' title='bbox 746 1647 909 1730; x_wconf 89' lang='lat' dir='ltr'>quondam</span> <span class='ocrx_word' id='word_1_111' title='bbox 932 1647 1076 1710; x_wconf 89' lang='lat' dir='ltr'>uictoriis</span> 
     </span>
     <span class='ocr_line' id='line_1_17' title="bbox 104 1730 1077 1816; baseline -0.001 -21"><span class='ocrx_word' id='word_1_112' title='bbox 104 1730 232 1795; x_wconf 87' lang='lat' dir='ltr'>nobiles</span> <span class='ocrx_word' id='word_1_113' title='bbox 260 1737 412 1815; x_wconf 87' lang='lat' dir='ltr'>ceperant</span> <span class='ocrx_word' id='word_1_114' title='bbox 433 1731 608 1816; x_wconf 82' lang='lat' dir='ltr'>Syracusas</span> <span class='ocrx_word' id='word_1_115' title='bbox 636 1733 669 1796; x_wconf 90' lang='lat' dir='ltr'>et</span> <span class='ocrx_word' id='word_1_116' title='bbox 690 1731 848 1794; x_wconf 87' lang='lat' dir='ltr'>immenso</span> <span class='ocrx_word' id='word_1_117' title='bbox 868 1730 984 1795; x_wconf 90' lang='lat' dir='ltr'>itinere</span> <span class='ocrx_word' id='word_1_118' title='bbox 1006 1752 1077 1814; x_wconf 88' lang='lat' dir='ltr'>per·</span> 
     </span>
     <span class='ocr_line' id='line_1_18' title="bbox 103 1815 1077 1901; baseline 0 -21"><span class='ocrx_word' id='word_1_119' title='bbox 103 1816 193 1880; x_wconf 88' lang='lat' dir='ltr'>ueoti</span> <span class='ocrx_word' id='word_1_120' title='bbox 214 1835 387 1899; x_wconf 87' lang='lat' dir='ltr'>oceanum,</span> <span class='ocrx_word' id='word_1_121' title='bbox 411 1838 475 1901; x_wconf 90' lang='lat' dir='ltr'>qua</span> <span class='ocrx_word' id='word_1_122' title='bbox 494 1820 597 1881; x_wconf 85' lang='lat' dir='ltr'>terras</span> <span class='ocrx_word' id='word_1_123' title='bbox 618 1815 785 1899; x_wconf 89' lang='lat' dir='ltr'>irrumpit,</span> <span class='ocrx_word' id='word_1_124' title='bbox 808 1815 1009 1880; x_wconf 80' lang='lat' dir='ltr'>intrauerunt</span> <span class='ocrx_word' id='word_1_125' title='bbox 1030 1818 1077 1880; x_wconf 79' lang='lat' dir='ltr'>at</span> 
     </span>
     <span class='ocr_line' id='line_1_19' title="bbox 105 1899 1076 1984; baseline 0 -20"><span class='ocrx_word' id='word_1_126' title='bbox 105 1921 170 1984; x_wconf 91' lang='lat' dir='ltr'>que</span> <span class='ocrx_word' id='word_1_127' title='bbox 203 1900 250 1964; x_wconf 89' lang='lat' dir='ltr'>ita</span> <span class='ocrx_word' id='word_1_128' title='bbox 284 1906 402 1966; x_wconf 89' lang='lat' dir='ltr'>euentu</span> <span class='ocrx_word' id='word_1_129' title='bbox 428 1900 622 1967; x_wconf 91' lang='lat' dir='ltr'>temeritatis</span> <span class='ocrx_word' id='word_1_130' title='bbox 657 1900 866 1965; x_wconf 87' lang='lat' dir='ltr'>ostenderant</span> <span class='ocrx_word' id='word_1_131' title='bbox 897 1899 980 1964; x_wconf 91' lang='lat' dir='ltr'>nihil</span> <span class='ocrx_word' id='word_1_132' title='bbox 1008 1921 1076 1964; x_wconf 88' lang='lat' dir='ltr'>esse</span> 
     </span>
     <span class='ocr_line' id='line_1_20' title="bbox 106 1984 1115 2070; baseline 0.002 -22"><span class='ocrx_word' id='word_1_133' title='bbox 106 1985 251 2050; x_wconf 89' lang='lat' dir='ltr'>clausum</span> <span class='ocrx_word' id='word_1_134' title='bbox 273 1985 428 2070; x_wconf 89' lang='lat' dir='ltr'>piraticae</span> <span class='ocrx_word' id='word_1_135' title='bbox 450 1985 682 2069; x_wconf 88' lang='lat' dir='ltr'>desperationi,</span> <span class='ocrx_word' id='word_1_136' title='bbox 704 2005 767 2070; x_wconf 90' lang='lat' dir='ltr'>quo</span> <span class='ocrx_word' id='word_1_137' title='bbox 788 1984 928 2070; x_wconf 85' lang='lat' dir='ltr'>nauigiis</span> <span class='ocrx_word' id='word_1_138' title='bbox 949 1987 1115 2068; x_wconf 75' lang='lat' dir='ltr'>pateretm</span> 
     </span>
     <span class='ocr_line' id='line_1_21' title="bbox 105 2068 1076 2155; baseline 0.001 -22"><span class='ocrx_word' id='word_1_139' title='bbox 105 2090 263 2134; x_wconf 85' lang='lat' dir='ltr'>accessus.</span> <span class='ocrx_word' id='word_1_140' title='bbox 307 2070 413 2155; x_wconf 89' lang='lat' dir='ltr'>itaquo</span> <span class='ocrx_word' id='word_1_141' title='bbox 437 2070 499 2136; x_wconf 89' lang='lat' dir='ltr'>bac</span> <span class='ocrx_word' id='word_1_142' title='bbox 525 2071 662 2135; x_wconf 88' lang='lat' dir='ltr'>uictoria</span> <span class='ocrx_word' id='word_1_143' title='bbox 683 2073 791 2135; x_wconf 86' lang='lat' dir='ltr'>uestra</span> <span class='ocrx_word' id='word_1_144' title='bbox 816 2090 884 2134; x_wconf 90' lang='lat' dir='ltr'>non</span> <span class='ocrx_word' id='word_1_145' title='bbox 905 2068 1076 2135; x_wconf 84' lang='lat' dir='ltr'>Britannia</span> 
     </span>
     <span class='ocr_line' id='line_1_22' title="bbox 105 2154 1076 2239; baseline 0.002 -22"><span class='ocrx_word' id='word_1_146' title='bbox 105 2154 212 2218; x_wconf 88' lang='lat' dir='ltr'>solum</span> <span class='ocrx_word' id='word_1_147' title='bbox 234 2154 389 2220; x_wconf 87' lang='lat' dir='ltr'>seruitute</span> <span class='ocrx_word' id='word_1_148' title='bbox 411 2159 460 2220; x_wconf 88' lang='lat' dir='ltr'>est</span> <span class='ocrx_word' id='word_1_149' title='bbox 473 2156 627 2239; x_wconf 69' lang='lat' dir='ltr'>liberata,</span> <span class='ocrx_word' id='word_1_150' title='bbox 645 2156 700 2220; x_wconf 90' lang='lat' dir='ltr'>sed</span> <span class='ocrx_word' id='word_1_151' title='bbox 723 2154 871 2220; x_wconf 89' lang='lat' dir='ltr'>omnibus</span> <span class='ocrx_word' id='word_1_152' title='bbox 891 2155 1076 2220; x_wconf 89' lang='lat' dir='ltr'>nationibus</span> 
     </span>
     <span class='ocr_line' id='line_1_23' title="bbox 105 2239 1077 2325; baseline 0.001 -22"><span class='ocrx_word' id='word_1_153' title='bbox 105 2239 263 2304; x_wconf 88' lang='lat' dir='ltr'>securitas</span> <span class='ocrx_word' id='word_1_154' title='bbox 298 2240 448 2304; x_wconf 89' lang='lat' dir='ltr'>restituta</span> <span class='ocrx_word' id='word_1_155' title='bbox 480 2262 559 2325; x_wconf 88' lang='lat' dir='ltr'>quae</span> <span class='ocrx_word' id='word_1_156' title='bbox 591 2241 752 2305; x_wconf 91' lang='lat' dir='ltr'>maritimo</span> <span class='ocrx_word' id='word_1_157' title='bbox 790 2241 854 2304; x_wconf 87' lang='lat' dir='ltr'>situ</span> <span class='ocrx_word' id='word_1_158' title='bbox 881 2242 1009 2304; x_wconf 88' lang='lat' dir='ltr'>tantum</span> <span class='ocrx_word' id='word_1_159' title='bbox 1041 2240 1077 2304; x_wconf 91' lang='lat' dir='ltr'>in</span> 
     </span>
     <span class='ocr_line' id='line_1_24' title="bbox 104 2323 1076 2410; baseline 0.001 -22"><span class='ocrx_word' id='word_1_160' title='bbox 104 2324 192 2389; x_wconf 85' lang='lat' dir='ltr'>bello</span> <span class='ocrx_word' id='word_1_161' title='bbox 218 2323 305 2388; x_wconf 87' lang='lat' dir='ltr'>adire</span> <span class='ocrx_word' id='word_1_162' title='bbox 326 2324 462 2409; x_wconf 89' lang='lat' dir='ltr'>periculi</span> <span class='ocrx_word' id='word_1_163' title='bbox 482 2328 634 2409; x_wconf 88' lang='lat' dir='ltr'>poterant</span> <span class='ocrx_word' id='word_1_164' title='bbox 654 2327 810 2410; x_wconf 90' lang='lat' dir='ltr'>quantum</span> <span class='ocrx_word' id='word_1_165' title='bbox 831 2325 865 2388; x_wconf 92' lang='lat' dir='ltr'>in</span> <span class='ocrx_word' id='word_1_166' title='bbox 889 2345 967 2408; x_wconf 87' lang='lat' dir='ltr'>pace</span> <span class='ocrx_word' id='word_1_167' title='bbox 990 2344 1076 2389; x_wconf 90' lang='lat' dir='ltr'>oom-</span> 
     </span>
     <span class='ocr_line' id='line_1_25' title="bbox 104 2408 1114 2494; baseline 0 -21"><span class='ocrx_word' id='word_1_168' title='bbox 104 2408 194 2474; x_wconf 89' lang='lat' dir='ltr'>modi</span> <span class='ocrx_word' id='word_1_169' title='bbox 217 2413 464 2494; x_wconf 87' lang='lat' dir='ltr'>consequuntur.</span> <span class='ocrx_word' id='word_1_170' title='bbox 508 2432 596 2476; x_wconf 90' lang='lat' dir='ltr'>nnnc</span> <span class='ocrx_word' id='word_1_171' title='bbox 624 2430 735 2474; x_wconf 82' lang='lat' dir='ltr'>secure</span> <span class='ocrx_word' id='word_1_172' title='bbox 762 2412 826 2491; x_wconf 89' lang='lat' dir='ltr'>est,</span> <span class='ocrx_word' id='word_1_173' title='bbox 855 2413 892 2472; x_wconf 92' lang='lat' dir='ltr'>ut</span> <span class='ocrx_word' id='word_1_174' title='bbox 914 2409 952 2473; x_wconf 90' lang='lat' dir='ltr'>de</span> <span class='ocrx_word' id='word_1_175' title='bbox 973 2408 1075 2473; x_wconf 88' lang='lat' dir='ltr'>latere</span> <span class='ocrx_word' id='word_1_176' title='bbox 1088 2425 1114 2467; x_wconf 74' lang='lat'>2⁵</span> 
     </span>
     <span class='ocr_line' id='line_1_26' title="bbox 106 2493 1075 2579; baseline -0.002 -20"><span class='ocrx_word' id='word_1_177' title='bbox 106 2493 233 2559; x_wconf 85' lang='lat' dir='ltr'>Gallico</span> <span class='ocrx_word' id='word_1_178' title='bbox 260 2497 397 2574; x_wconf 87' lang='lat' dir='ltr'>taceam,</span> <span class='ocrx_word' id='word_1_179' title='bbox 450 2495 574 2560; x_wconf 90' lang='lat' dir='ltr'>uamuis</span> <span class='ocrx_word' id='word_1_180' title='bbox 595 2515 698 2579; x_wconf 84' lang='lat' dir='ltr'>paene</span> <span class='ocrx_word' id='word_1_181' title='bbox 728 2493 907 2578; x_wconf 84' lang='lat' dir='ltr'>conspicuis</span> <span class='ocrx_word' id='word_1_182' title='bbox 929 2493 1075 2557; x_wconf 88' lang='lat' dir='ltr'>litoribus</span> 
     </span>
     <span class='ocr_line' id='line_1_27' title="bbox 103 2516 1076 2665; baseline -0.001 -22"><span class='ocrx_word' id='word_1_183' title='bbox 103 2577 283 2662; x_wconf 81' lang='lat' dir='ltr'>Hispania,</span> <span class='ocrx_word' id='word_1_184' title='bbox 316 2602 403 2645; x_wconf 90' lang='lat' dir='ltr'>nnnc</span> <span class='ocrx_word' id='word_1_185' title='bbox 428 2516 541 2665; x_wconf 68' lang='lat' dir='ltr'>italia,</span> <span class='ocrx_word' id='word_1_186' title='bbox 578 2600 666 2645; x_wconf 92' lang='lat' dir='ltr'>nunc</span> <span class='ocrx_word' id='word_1_187' title='bbox 696 2578 821 2661; x_wconf 77' lang='lat' dir='ltr'>Africa,</span> <span class='ocrx_word' id='word_1_188' title='bbox 854 2599 942 2642; x_wconf 90' lang='lat' dir='ltr'>nnnc</span> <span class='ocrx_word' id='word_1_189' title='bbox 971 2579 1076 2643; x_wconf 90' lang='lat' dir='ltr'>omnis</span> 
     </span>
     <span class='ocr_line' id='line_1_28' title="bbox 103 2663 1077 2763; baseline -0.002 -35"><span class='ocrx_word' id='word_1_190' title='bbox 103 2685 209 2748; x_wconf 88' lang='lat' dir='ltr'>usque</span> <span class='ocrx_word' id='word_1_191' title='bbox 241 2665 281 2728; x_wconf 87' lang='lat' dir='ltr'>ad</span> <span class='ocrx_word' id='word_1_192' title='bbox 309 2663 465 2730; x_wconf 87' lang='lat' dir='ltr'>Maeotias</span> <span class='ocrx_word' id='word_1_193' title='bbox 491 2664 623 2763; x_wconf 88' lang='lat' dir='ltr'>paludes</span> <span class='ocrx_word' id='word_1_194' title='bbox 651 2664 815 2750; x_wconf 87' lang='lat' dir='ltr'>perpetuis</span> <span class='ocrx_word' id='word_1_195' title='bbox 848 2663 933 2728; x_wconf 91' lang='lat' dir='ltr'>curis</span> <span class='ocrx_word' id='word_1_196' title='bbox 959 2666 1077 2728; x_wconf 87' lang='lat' dir='ltr'>uacant</span> 
     </span>
     <span class='ocr_line' id='line_1_29' title="bbox 103 2746 1076 2834; baseline -0.004 -20"><span class='ocrx_word' id='word_1_197' title='bbox 103 2751 232 2834; x_wconf 81' lang='lat' dir='ltr'>gentes.</span> <span class='ocrx_word' id='word_1_198' title='bbox 255 2770 315 2814; x_wconf 87' lang='lat' dir='ltr'>nec</span> <span class='ocrx_word' id='word_1_199' title='bbox 329 2749 450 2814; x_wconf 89' lang='lat' dir='ltr'>idcirco</span> <span class='ocrx_word' id='word_1_200' title='bbox 465 2750 644 2814; x_wconf 82' lang='lat' dir='ltr'>minoribus</span> <span class='ocrx_word' id='word_1_201' title='bbox 655 2749 783 2834; x_wconf 85' lang='lat' dir='ltr'>gaudiis</span> <span class='ocrx_word' id='word_1_202' title='bbox 795 2748 944 2812; x_wconf 81' lang='lat' dir='ltr'>feruntur</span> <span class='ocrx_word' id='word_1_203' title='bbox 953 2746 1076 2831; x_wconf 90' lang='lat' dir='ltr'>dempti</span> 
     </span>
    </p>
   </div>
   <div class='ocr_carea' id='block_1_7' title="bbox 103 2832 1200 2919">
    <p class='ocr_par' dir='ltr' id='par_1_7' title="bbox 103 2832 1200 2919">
     <span class='ocr_line' id='line_1_30' title="bbox 103 2832 1200 2919; baseline -0.002 -21"><span class='ocrx_word' id='word_1_204' title='bbox 103 2832 241 2918; x_wconf 85' lang='lat' dir='ltr'>periculi</span> <span class='ocrx_word' id='word_1_205' title='bbox 275 2835 383 2900; x_wconf 88' lang='lat' dir='ltr'>miseri</span> <span class='ocrx_word' id='word_1_206' title='bbox 414 2835 498 2919; x_wconf 89' lang='lat' dir='ltr'>quod</span> <span class='ocrx_word' id='word_1_207' title='bbox 526 2833 714 2918; x_wconf 87' lang='lat' dir='ltr'>experiundi</span> <span class='ocrx_word' id='word_1_208' title='bbox 746 2832 938 2896; x_wconf 85' lang='lat' dir='ltr'>necessitate</span> <span class='ocrx_word' id='word_1_209' title='bbox 966 2851 1075 2896; x_wconf 90' lang='lat' dir='ltr'>carue·</span> <span class='ocrx_word' id='word_1_210' title='bbox 1088 2848 1114 2889; x_wconf 80' lang='lat'>³⁰</span> <span class='ocrx_word' id='word_1_211' title='bbox 1197 2868 1200 2874; x_wconf 93' lang='lat'>·</span> 
     </span>
    </p>
   </div>
   <div class='ocr_carea' id='block_1_8' title="bbox 100 3085 1077 3630">
    <p class='ocr_par' dir='ltr' id='par_1_8' title="bbox 100 3085 1077 3630">
     <span class='ocr_line' id='line_1_31' title="bbox 176 3085 1077 3156; baseline -0.006 -16"><span class='ocrx_word' id='word_1_212' title='bbox 176 3092 192 3140; x_wconf 87' lang='lat'><strong>3</strong></span> <span class='ocrx_word' id='word_1_213' title='bbox 210 3088 264 3139; x_wconf 89' lang='lat' dir='ltr'>luis</span> <span class='ocrx_word' id='word_1_214' title='bbox 282 3092 305 3139; x_wconf 78' lang='grc' dir='ltr'><strong>Α</strong></span> <span class='ocrx_word' id='word_1_215' title='bbox 325 3089 336 3156; x_wconf 78' lang='grc' dir='ltr'>ΙΙ</span> <span class='ocrx_word' id='word_1_216' title='bbox 356 3095 372 3141; x_wconf 86' lang='grc'>4</span> <span class='ocrx_word' id='word_1_217' title='bbox 391 3091 517 3143; x_wconf 89' lang='lat' dir='ltr'>incubuit</span> <span class='ocrx_word' id='word_1_218' title='bbox 534 3091 642 3155; x_wconf 73' lang='lat' dir='ltr'>scripsi:</span> <span class='ocrx_word' id='word_1_219' title='bbox 661 3088 827 3139; x_wconf 73' lang='lat' dir='ltr'>intabuit!</span> <span class='ocrx_word' id='word_1_220' title='bbox 847 3085 857 3153; x_wconf 80' lang='grc' dir='ltr'>ΙΙ</span> <span class='ocrx_word' id='word_1_221' title='bbox 880 3090 896 3138; x_wconf 90' lang='grc'>9</span> <span class='ocrx_word' id='word_1_222' title='bbox 915 3087 948 3137; x_wconf 93' lang='lat' dir='ltr'>ob</span> <span class='ocrx_word' id='word_1_223' title='bbox 966 3087 1077 3146; x_wconf 76' lang='lat' dir='ltr'>scripsi:</span> 
     </span>
     <span class='ocr_line' id='line_1_32' title="bbox 102 3155 1076 3225; baseline -0.005 -17"><span class='ocrx_word' id='word_1_224' title='bbox 102 3157 187 3208; x_wconf 86' lang='lat' dir='ltr'>nobis</span> <span class='ocrx_word' id='word_1_225' title='bbox 209 3158 238 3205; x_wconf 79' lang='grc' dir='ltr'>Ι</span> <span class='ocrx_word' id='word_1_226' title='bbox 264 3159 383 3210; x_wconf 88' lang='lat' dir='ltr'>motibus</span> <span class='ocrx_word' id='word_1_227' title='bbox 407 3159 479 3225; x_wconf 86' lang='lat' dir='ltr'>apud</span> <span class='ocrx_word' id='word_1_228' title='bbox 498 3172 523 3207; x_wconf 76' lang='lat' dir='ltr'>w</span> <span class='ocrx_word' id='word_1_229' title='bbox 558 3156 568 3223; x_wconf 83' lang='grc' dir='ltr'>ΙΙ</span> <span class='ocrx_word' id='word_1_230' title='bbox 604 3159 636 3208; x_wconf 92' lang='grc'>10</span> <span class='ocrx_word' id='word_1_231' title='bbox 658 3161 754 3222; x_wconf 88' lang='lat' dir='ltr'>patent</span> <span class='ocrx_word' id='word_1_232' title='bbox 774 3157 871 3219; x_wconf 76' lang='lat' dir='ltr'>scripsi</span> <span class='ocrx_word' id='word_1_233' title='bbox 891 3157 941 3205; x_wconf 84' lang='grc'><strong>1.1.</strong></span> <span class='ocrx_word' id='word_1_234' title='bbox 965 3172 990 3219; x_wconf 86' lang='lat' dir='ltr'>p.</span> <span class='ocrx_word' id='word_1_235' title='bbox 1010 3155 1076 3204; x_wconf 75' lang='lat'><strong><em>218.-</em></strong></span> 
     </span>
     <span class='ocr_line' id='line_1_33' title="bbox 101 3221 1076 3294; baseline -0.002 -20"><span class='ocrx_word' id='word_1_236' title='bbox 101 3227 200 3276; x_wconf 81' lang='lat' dir='ltr'>iacent</span> <span class='ocrx_word' id='word_1_237' title='bbox 217 3226 245 3274; x_wconf 75' lang='grc' dir='ltr'>Ι</span> <span class='ocrx_word' id='word_1_238' title='bbox 273 3223 284 3292; x_wconf 67' lang='lat' dir='ltr'>p</span> <span class='ocrx_word' id='word_1_239' title='bbox 315 3229 344 3276; x_wconf 94' lang='grc'>11</span> <span class='ocrx_word' id='word_1_240' title='bbox 365 3241 471 3294; x_wconf 81' lang='lat' dir='ltr'>quaque</span> <span class='ocrx_word' id='word_1_241' title='bbox 488 3229 512 3276; x_wconf 84' lang='grc' dir='ltr'><strong>Δ</strong></span> <span class='ocrx_word' id='word_1_242' title='bbox 529 3223 562 3275; x_wconf 81' lang='lat' dir='ltr'>W</span> <span class='ocrx_word' id='word_1_243' title='bbox 580 3225 671 3276; x_wconf 75' lang='lat' dir='ltr'>Bert:</span> <span class='ocrx_word' id='word_1_244' title='bbox 694 3239 748 3290; x_wconf 87' lang='lat' dir='ltr'>qua</span> <span class='ocrx_word' id='word_1_245' title='bbox 765 3224 786 3273; x_wconf 85' lang='lat' dir='ltr'>B</span> <span class='ocrx_word' id='word_1_246' title='bbox 805 3225 823 3273; x_wconf 79' lang='lat' dir='ltr'>(t</span> <span class='ocrx_word' id='word_1_247' title='bbox 840 3225 863 3271; x_wconf 81' lang='lat' dir='ltr'><strong>V</strong></span> <span class='ocrx_word' id='word_1_248' title='bbox 890 3221 901 3288; x_wconf 78' lang='grc'>11</span> <span class='ocrx_word' id='word_1_249' title='bbox 932 3223 962 3274; x_wconf 89' lang='grc'>18</span> <span class='ocrx_word' id='word_1_250' title='bbox 980 3223 1076 3272; x_wconf 87' lang='lat' dir='ltr'>irrum-</span> 
     </span>
     <span class='ocr_line' id='line_1_34' title="bbox 102 3288 1076 3360; baseline -0.003 -16"><span class='ocrx_word' id='word_1_251' title='bbox 102 3294 147 3358; x_wconf 81' lang='lat' dir='ltr'>pit</span> <span class='ocrx_word' id='word_1_252' title='bbox 164 3293 185 3342; x_wconf 80' lang='lat' dir='ltr'>B</span> <span class='ocrx_word' id='word_1_253' title='bbox 204 3294 237 3341; x_wconf 82' lang='lat' dir='ltr'>W</span> <span class='ocrx_word' id='word_1_254' title='bbox 259 3291 324 3360; x_wconf 76' lang='lat' dir='ltr'>(wi)</span> <span class='ocrx_word' id='word_1_255' title='bbox 348 3308 379 3344; x_wconf 83' lang='lat' dir='ltr'>u:</span> <span class='ocrx_word' id='word_1_256' title='bbox 409 3295 509 3360; x_wconf 85' lang='lat' dir='ltr'>irrupit</span> <span class='ocrx_word' id='word_1_257' title='bbox 531 3309 558 3342; x_wconf 91' lang='lat' dir='ltr'>m</span> <span class='ocrx_word' id='word_1_258' title='bbox 574 3294 629 3342; x_wconf 71' lang='grc' dir='ltr'>Π</span> <span class='ocrx_word' id='word_1_259' title='bbox 645 3291 720 3344; x_wconf 82' lang='lat' dir='ltr'>Bari.</span> <span class='ocrx_word' id='word_1_260' title='bbox 742 3291 887 3355; x_wconf 73' lang='lat' dir='ltr'>inrupitA</span> <span class='ocrx_word' id='word_1_261' title='bbox 920 3288 930 3356; x_wconf 87' lang='grc' dir='ltr'>ΙΙ</span> <span class='ocrx_word' id='word_1_262' title='bbox 964 3291 997 3340; x_wconf 76' lang='lat'>23</span> <span class='ocrx_word' id='word_1_263' title='bbox 1020 3291 1076 3341; x_wconf 86' lang='lat' dir='ltr'>situ</span> 
     </span>
     <span class='ocr_line' id='line_1_35' title="bbox 101 3357 1076 3428; baseline -0.004 -16"><span class='ocrx_word' id='word_1_264' title='bbox 101 3375 168 3428; x_wconf 68' lang='lat' dir='ltr'>spo:</span> <span class='ocrx_word' id='word_1_265' title='bbox 189 3363 287 3410; x_wconf 73' lang='lat' dir='ltr'>usust</span> <span class='ocrx_word' id='word_1_266' title='bbox 315 3359 326 3428; x_wconf 76' lang='grc'>[1</span> <span class='ocrx_word' id='word_1_267' title='bbox 355 3365 386 3414; x_wconf 77' lang='grc'>11</span> <span class='ocrx_word' id='word_1_268' title='bbox 406 3377 500 3413; x_wconf 88' lang='lat' dir='ltr'>omnes</span> <span class='ocrx_word' id='word_1_269' title='bbox 517 3362 538 3411; x_wconf 81' lang='lat' dir='ltr'>B</span> <span class='ocrx_word' id='word_1_270' title='bbox 556 3363 574 3410; x_wconf 81' lang='lat'><strong>0</strong></span> <span class='ocrx_word' id='word_1_271' title='bbox 591 3363 663 3410; x_wconf 76' lang='grc' dir='ltr'>ΠΙ</span> <span class='ocrx_word' id='word_1_272' title='bbox 692 3357 702 3425; x_wconf 72' lang='lat' dir='ltr'>ss</span> <span class='ocrx_word' id='word_1_273' title='bbox 731 3361 764 3411; x_wconf 75' lang='lat'>28</span> <span class='ocrx_word' id='word_1_274' title='bbox 782 3360 900 3410; x_wconf 84' lang='lat' dir='ltr'>meotius</span> <span class='ocrx_word' id='word_1_275' title='bbox 918 3371 955 3407; x_wconf 75' lang='lat' dir='ltr'>w:</span> <span class='ocrx_word' id='word_1_276' title='bbox 977 3358 1076 3408; x_wconf 72' lang='lat' dir='ltr'>metius</span> 
     </span>
     <span class='ocr_line' id='line_1_36' title="bbox 103 3423 1077 3496; baseline -0.001 -19"><span class='ocrx_word' id='word_1_277' title='bbox 103 3425 378 3494; x_wconf 79' lang='lat' dir='ltr'>(ureciasBert.)1</span> <span class='ocrx_word' id='word_1_278' title='bbox 407 3428 418 3496; x_wconf 67' lang='lat' dir='ltr'>n</span> <span class='ocrx_word' id='word_1_279' title='bbox 449 3427 715 3480; x_wconf 66' lang='lat' dir='ltr'>etiamnunc</span> <span class='ocrx_word' id='word_1_280' title='bbox 748 3428 753 3492; x_wconf 89' lang='grc' dir='ltr'>Ι</span> <span class='ocrx_word' id='word_1_281' title='bbox 785 3427 891 3492; x_wconf 84' lang='lat' dir='ltr'>dempto</span> <span class='ocrx_word' id='word_1_282' title='bbox 914 3427 973 3476; x_wconf 85' lang='lat' dir='ltr'>edd.</span> <span class='ocrx_word' id='word_1_283' title='bbox 1002 3423 1013 3489; x_wconf 78' lang='lat' dir='ltr'>ll</span> <span class='ocrx_word' id='word_1_284' title='bbox 1042 3426 1077 3476; x_wconf 79' lang='lat'>30</span> 
     </span>
     <span class='ocr_line' id='line_1_37' title="bbox 100 3493 1076 3562; baseline -0.006 -16"><span class='ocrx_word' id='word_1_285' title='bbox 100 3497 201 3546; x_wconf 85' lang='lat' dir='ltr'>miseri</span> <span class='ocrx_word' id='word_1_286' title='bbox 220 3501 329 3562; x_wconf 83' lang='lat' dir='ltr'>scripsi:</span> <span class='ocrx_word' id='word_1_287' title='bbox 347 3499 415 3548; x_wconf 86' lang='lat' dir='ltr'>meri</span> <span class='ocrx_word' id='word_1_288' title='bbox 432 3499 459 3547; x_wconf 78' lang='lat'>11</span> <span class='ocrx_word' id='word_1_289' title='bbox 476 3503 552 3547; x_wconf 89' lang='lat' dir='ltr'>metu</span> <span class='ocrx_word' id='word_1_290' title='bbox 570 3509 594 3546; x_wconf 81' lang='lat' dir='ltr'>w</span> <span class='ocrx_word' id='word_1_291' title='bbox 612 3499 670 3548; x_wconf 81' lang='lat' dir='ltr'>edd.</span> <span class='ocrx_word' id='word_1_292' title='bbox 693 3496 698 3561; x_wconf 91' lang='grc'><strong>1</strong></span> <span class='ocrx_word' id='word_1_293' title='bbox 724 3495 796 3560; x_wconf 89' lang='lat' dir='ltr'>quod</span> <span class='ocrx_word' id='word_1_294' title='bbox 813 3496 836 3543; x_wconf 86' lang='grc' dir='ltr'><strong>Δ</strong></span> <span class='ocrx_word' id='word_1_295' title='bbox 853 3495 875 3543; x_wconf 82' lang='lat' dir='ltr'>V</span> <span class='ocrx_word' id='word_1_296' title='bbox 892 3495 940 3543; x_wconf 72' lang='lat' dir='ltr'>We</span> <span class='ocrx_word' id='word_1_297' title='bbox 959 3493 1076 3558; x_wconf 71' lang='lat' dir='ltr'>quantit</span> 
     </span>
     <span class='ocr_line' id='line_1_38' title="bbox 104 3565 204 3630; baseline -0.03 -14"><span class='ocrx_word' id='word_1_298' title='bbox 104 3565 204 3630; x_wconf 70' lang='lat' dir='ltr'>quel</span> 
     </span>
    </p>
   </div>
   <div class='ocr_carea' id='block_1_9' title="bbox 152 3648 924 3696">
    <p class='ocr_par' dir='ltr' id='par_1_9' title="bbox 152 3648 924 3696">
     <span class='ocr_line' id='line_1_39' title="bbox 152 3648 924 3696; baseline 0.003 -2"><span class='ocrx_word' id='word_1_299' title='bbox 152 3655 243 3696; x_wconf 67' lang='lat' dir='ltr'>Pam.</span> <span class='ocrx_word' id='word_1_300' title='bbox 257 3665 312 3696; x_wconf 75' lang='lat' dir='ltr'>mr.</span> <span class='ocrx_word' id='word_1_301' title='bbox 891 3648 924 3696; x_wconf 89' lang='lat'>10</span> 
     </span>
    </p>
   </div>
   <div class='ocr_carea' id='block_1_10' title="bbox 1273 385 1278 395">
    <p class='ocr_par' dir='ltr' id='par_1_10' title="bbox 1273 321 1279 568">
     <span class='ocr_line' id='line_1_40' title="bbox 1273 385 1278 395; baseline 0 -45"><span class='ocrx_word' id='word_1_302' title='bbox 1273 385 1278 395; x_wconf 29' lang='grc'>,</span> 
     </span>
    </p>
   </div>
   <div class='ocr_carea' id='block_1_11' title="bbox 0 0 1294 4000">
    <p class='ocr_par' dir='ltr' id='par_1_11' title="bbox 0 0 1294 4000">
     <span class='ocr_line' id='line_1_41' title="bbox 0 0 1294 4000; baseline 0 1"><span class='ocrx_word' id='word_1_303' title='bbox 0 0 1294 4000; x_wconf 95' lang='lat' dir='ltr'> </span> 
     </span>
    </p>
   </div>
  </div>
 </body>
</html>
