2582 3992
237 214 297 278 108
532 217 583 267 111.
619 183 673 266 cu.
693 183 904 267 Marisariur

235 364 425 447 similitudo,
459 385 581 449 quaene
604 365 702 428 etiam
723 364 930 429 interuallum
952 368 1076 429 uestrae
1098 366 1204 430 uincit

235 450 351 513 aetatis
373 452 405 514 ct
427 449 584 513 seniorem
603 449 823 533 iunioremque
845 450 977 514 caritate
999 453 1112 514 mutua
1133 451 1203 514 red·
1274 460 1275 463 ’

236 533 283 596 dit
306 533 453 617 aequales
460 583 468 612 ,
497 537 533 597 ut
555 534 620 596 iam
641 532 720 597 illud
741 533 827 597 falso
848 534 968 598 dictum
991 535 1034 598 sit
1061 557 1130 598 uon
1152 536 1205 599 de·

235 617 348 682 lectari
374 618 528 682 societate
553 639 659 680 rerum
686 617 750 681 nisi
777 639 869 700 pares
898 619 999 682 annis.
1036 619 1205 718 intellegi·

210 721 305 766 smus
334 703 433 782 enim,
464 701 670 765 sacratissimi
699 702 876 786 principes,
907 704 1083 788 geminum
1100 704 1205 786 uobis,

235 786 380 870 quamuis
403 785 545 868 dispares
568 786 638 849 sitis
661 786 834 870 aetatibus,
863 788 970 852 inesse
993 807 1204 852 consensum:
1273 863 1274 868 γ

235 891 338 953 neque
365 872 401 932 tu
422 869 471 933 illi
491 869 609 933 uideris
630 871 809 954 promptior
835 891 939 955 neque
961 871 1021 935 tibi
1044 872 1100 935 ille
1129 894 1205 936 cun-

236 954 390 1037 ctantior,
433 953 489 1017 sed
516 955 654 1018 inuicem
687 959 813 1019 uosmet
839 956 1026 1038 imitamini,
1062 956 1204 1021 inuicem

236 1041 360 1102 uestros
390 1037 548 1102 affectatis
578 1059 690 1104 annos.
736 1039 782 1104 sic
809 1061 866 1103 uos
896 1039 1009 1124 geritis
1037 1041 1130 1124 quasi
1157 1041 1204 1104 iu·

197 1141 222 1180 10
236 1121 341 1190 niores
364 1123 465 1200 ambe,
488 1122 581 1186 ambo
604 1123 755 1192 seniores.
788 1128 901 1188 neuter
922 1125 995 1208 plus
1018 1125 1205 1188 suismori-

236 1206 295 1270 bus
316 1205 419 1270 fauet:
441 1209 574 1290 uterque
596 1228 630 1270 se
651 1206 722 1272 uult
743 1207 804 1272 hoc
827 1208 1002 1292 essequod
1021 1209 1124 1272 frater
1146 1217 1204 1273 est.

300 1288 390 1355 VIII.
431 1289 511 1356 Inde
532 1291 632 1376 igitur
652 1293 797 1375 proxime
818 1292 872 1356 ille
891 1295 1024 1376 impetus
1045 1291 1205 1376 inpatien-

235 1375 282 1438 tia
309 1378 434 1439 uestrae
459 1375 589 1459 pietatis
611 1377 727 1459 irrupit
748 1398 810 1460 quc
836 1399 894 1440 uos
921 1377 1011 1440 nulla
1034 1380 1205 1462 regionum

235 1459 471 1544 longinquitas,
498 1460 588 1524 nulla
609 1460 762 1542 iniquitas
783 1461 941 1544 locorum,
970 1461 1060 1526 nulla
1082 1466 1205 1544 tempe·

200 1545 331 1607 astaus
354 1544 507 1627 asperitas
529 1544 667 1608 retinere
689 1549 745 1608 aut
769 1547 886 1608 morari
906 1547 1012 1629 potuit
1032 1547 1205 1629 quominus

237 1627 278 1690 ad
294 1625 499 1711 conspectum
521 1629 622 1692 uestri
638 1629 866 1713 peruolaretis‘?
890 1631 1103 1713 nequeenim
1125 1630 1205 1694 illud

236 1714 418 1797 progressio
440 1712 504 1777 fuit
527 1734 587 1776 nce
608 1712 733 1777 itineris
757 1714 914 1778 confectio
940 1735 1000 1778 nec
1022 1715 1127 1778 solitis
1151 1715 1205 1778 ad·

236 1796 398 1862 minioulis
420 1819 478 1860 usa
492 1799 686 1880 properatio.
714 1797 789 1881 quid
812 1797 915 1862 simile
938 1799 1082 1862 concitus
1105 1820 1205 1882 equus

236 1883 291 1944 aut·
317 1880 459 1945 ueliuola
490 1881 607 1944 nauis?
651 1881 778 1946 diuinus
812 1882 941 1966 quidam
974 1883 1114 1966 impetus
1142 1883 1207 1946 fuit

198 1983 224 2023 eo
237 1985 299 2048 quo
320 1968 452 2048 repente
478 1965 513 2027 iu
536 1965 669 2028 eundem
693 1964 797 2029 locum
825 1967 866 2030 ab
888 1970 1022 2050 utroque
1050 1967 1128 2031 solis
1151 1967 1205 2030 ad-

236 2069 329 2112 uerso
349 2049 414 2112 fine
436 2048 585 2129 uenistis3
607 2048 696 2131 ipsos
717 2049 873 2132 siquidem
896 2072 975 2134 quos
995 2052 1207 2134 praemisera-

236 2132 279 2194 tis
300 2132 431 2194 nuntios
451 2130 624 2214 reliquistis
645 2131 811 2216 ipsamque
834 2155 913 2218 quae
935 2156 993 2198 uos
1016 2139 1135 2199 conata
1158 2141 1207 2200 est

236 2216 424 2297 praeuenire
450 2215 567 2278 famam
589 2217 825 2301 praeuertistis,
853 2222 890 2282 ut
911 2219 1028 2302 absque
1050 2219 1205 2309 paucissi-

236 2299 296 2363 mis
334 2299 388 2383 qui
425 2299 516 2363 uobis
555 2299 688 2364 comites
726 2300 857 2366 haerere
891 2306 1068 2387 potuerunt
1107 2305 1206 2368 ceteri

197 2397 223 2440 2⁵
236 2381 382 2447 homines
403 2382 537 2450 fortasse
558 2383 759 2468 crediderint,
787 2387 870 2471 quod
886 2387 1020 2471 dignum
1043 2391 1094 2452 est
1109 2389 1206 2452 maie·

237 2470 320 2530 state
351 2471 473 2550 uestra,
518 2469 632 2532 diurna
665 2470 757 2533 uobis
791 2473 824 2534 ct
855 2474 1013 2535 nocturna
1045 2473 1206 2538 curricula

236 2555 369 2634 utraque
389 2550 499 2614 mundi
520 2552 643 2615 lumina
662 2553 889 2620 commodasse.
912 2555 966 2619 scd
981 2577 1205 2622 remoueamus

306 2791 319 2838 1
338 2803 441 2854 quaene
460 2791 589 2856 Hauptius
606 2792 695 2847 Herm.
718 2795 746 2844 V
758 2813 785 2860 p.
806 2799 872 2847 314:
896 2812 967 2862 quac
985 2813 1020 2848 ne
1039 2801 1068 2846 lt
1091 2797 1102 2864 ss
1126 2801 1142 2848 2
1164 2801 1206 2848 iu-

235 2851 318 2922 nior]
331 2858 517 2922 minoremque
529 2860 633 2912 ABert.
648 2859 653 2926 l
668 2862 761 2913 reddit
774 2864 887 2928 equales
899 2878 934 2914 w:
947 2865 1054 2916 reddite
1066 2867 1167 2931 quales
1179 2869 1207 2915 Ι

237 2921 250 2988 tt
279 2926 448 2976 dsooietate
467 2939 504 2974 w:
529 2927 692 2980 societatem
709 2931 736 2978 n
758 2931 899 2982 delectare
922 2933 1086 2984 societatem
1110 2937 1170 2986 edd.
1201 2931 1204 2996 l

237 2992 317 3041 annis
333 2995 440 3058 scripsi:
459 3009 545 3045 annos
558 2996 586 3043 1
597 2993 635 3060 ll
653 2997 705 3045 tibi
717 2995 777 3062 ille]
797 3003 828 3049 tu
845 2998 887 3048 illi
898 3000 931 3049 W
943 2997 981 3065 118
1000 3008 1112 3054 uosmet
1129 3004 1207 3067 ipsos

235 3058 308 3112 im.0
321 3055 331 3122 tt
343 3061 467 3124 egeritis
478 3063 585 3126 scripsi:
599 3065 683 3114 certis
692 3065 719 3112 n
730 3065 809 3115 fertis
818 3079 843 3114 w
855 3064 865 3130 ΙΙ
880 3069 911 3116 10
920 3065 1113 3118 amboLr'ur'u.:
1126 3069 1207 3120 omit

236 3125 315 3174 ambo
333 3126 454 3177 iuniores
472 3129 551 3179 ambo
570 3144 627 3180 sen.
639 3144 665 3178 w
680 3129 684 3193 Ι
699 3130 1066 3200 neutertneutcrq31tt1‘2
1084 3137 1206 3201 impetus

236 3191 339 3241 addidi:
357 3209 404 3246 om.
423 3196 451 3243 Π
469 3194 475 3257 Ι
493 3196 696 3260 impatientiam
713 3199 734 3246 B
753 3201 770 3247 (t
790 3201 812 3248 V
830 3201 859 3249 in
877 3204 1019 3265 presentia
1037 3216 1062 3250 w
1084 3200 1094 3268 ΙΙ
1120 3207 1154 3256 13
1172 3206 1207 3253 ir·

235 3257 310 3321 rupit
328 3260 345 3307 0
363 3259 413 3311 illa
430 3262 606 3326 impatientia
624 3279 650 3314 u.
669 3280 693 3328 p.
713 3267 802 3332 erupit
819 3263 877 3318 edd
902 3266 907 3328 Ι
931 3284 984 3332 quo
1002 3272 1113 3335 scripsi.-
1133 3271 1206 3337 quod

236 3325 265 3371 Ι
285 3322 295 3388 ss
320 3326 351 3376 15
370 3332 419 3377 aut
435 3330 537 3379 morari
554 3331 637 3380 om.d
661 3329 671 3396 ΙΙ
697 3333 726 3382 17
746 3333 921 3384 itinerumW
942 3333 953 3402 ll
975 3338 1007 3386 18
1025 3337 1119 3388 simile
1140 3339 1205 3389 uru-

234 3397 320 3440 terus:
338 3395 420 3444 simili
437 3394 484 3458 rat
504 3397 614 3447 concitu
632 3399 650 3446 (t
669 3399 673 3457 Ι
693 3414 778 3463 equus
797 3402 966 3453 Arntzenius:
986 3419 1072 3468 eques
1090 3406 1119 3454 1
1141 3405 1151 3472 ΙΙ
1173 3408 1205 3456 22

235 3459 376 3522 ipsamque
386 3464 493 3524 scripsi:
507 3465 594 3526 ipsam
603 3465 630 3512 Η
642 3461 653 3528 tl
665 3467 698 3516 26
710 3466 885 3519 crediderunt
893 3473 922 3519 Ι
936 3469 941 3531 Ι
957 3472 1029 3536 quod
1042 3472 1158 3536 dignum
1168 3487 1206 3522 w:

236 3537 289 3587 quo
306 3524 335 3574 id
354 3525 465 3590 dignum
482 3533 505 3579 Δ
520 3531 540 3578 B
558 3531 580 3578 V
598 3531 668 3596 quod
686 3531 714 3581 id
733 3534 807 3586 Berc.
826 3536 898 3601 quod
916 3539 958 3588 ita
975 3538 1090 3604 dignum
1109 3543 1127 3589 (t
1146 3543 1206 3591 edd.
