2586 3996
167 175 230 240 266
513 185 560 235 x1.
589 185 801 237 MAMERTINI

167 326 287 414 habet]
327 329 361 392 in
383 331 575 414 recipiendis
598 334 708 398 amieis
731 336 871 419 optimus
892 335 987 399 iudex
1009 337 1068 397 est.
1106 331 1130 395 sl
1232 302 1236 379 ¹,

167 410 265 494 aliqui
282 417 363 509 'sunt
377 414 525 513 improbi,
547 417 723 483 tolerandis
741 420 946 485 familiarium
968 418 1056 483 uitiis
1076 418 1131 480 im·
1231 453 1232 466 κ

166 495 331 643 mut}brlrs
355 501 404 562 est
426 521 558 565 amreus.
882 587 888 602 .
1240 580 1241 583 Ἴ

141 579 1132 772 5Ρῲοξῖὲξῑ0000003303Πῑῖο0;ῃοῑο30

166 769 255 843 curus
277 771 331 846 nm
355 773 428 850 uam
452 753 590 853 diuinior
610 756 750 853 felicitas
772 758 860 823 furt?
901 757 998 843 paulo
1020 758 1134 851 antea

165 831 310 896 liberatis
333 772 458 900 talliae
485 860 663 935 prourncns
691 841 791 906 lassus
819 843 1025 907 inimicorum
1051 860 1133 922 capr·
1223 844 1236 893 '-

47 935 74 950 ν
165 915 772 1012 raliufflnpeacfflsetcrmlltis
800 926 927 991 insidiis
948 925 1134 1010 petebatur:
1233 974 1236 983 .

193 1000 228 1063 in
242 1000 387 1084 pauculis
410 1001 573 1065 mensibus
589 1001 699 1066 diuino
709 1009 851 1064 'munere
861 1011 966 1084 inope,
986 1009 1135 1092 Europae
1241 1021 1242 1024 ’

156 1103 181 1143 ιο
194 1085 354 1167 Asiaeque
384 1087 536 1241 regnator
563 1093 621 1150 est.
666 1107 747 1169 quae
772 1085 898 1149 maiora
926 1092 1136 1170 expectemus

194 1168 246 1234 dei
267 1170 410 1254 praemia
464 1192 549 1254 quae·
567 1169 713 1235 uberiora
736 1170 820 1234 dona
843 1169 1028 1235 Fortunae?
1057 1171 1136 1247 uicta

193 1276 271 1320 num
299 1254 448 1319 secundis
476 1255 570 1320 rebus
599 1255 700 1320 elatus
727 1255 847 1339 aliquid
874 1255 913 1320 de
935 1256 1049 1340 prioris
1077 1257 1143 1322 uita
1256 1305 1257 1340 5

193 1338 438 1405 mansuetudine
471 1343 504 1404 et
535 1340 754 1406 moderatione
785 1341 967 1413 mutauerit.
1016 1341 1161 1420 mutauit,
1257 1360 1259 1424 ξ

194 1425 290 1508 plane
323 1425 471 1489 mutauIt.
522 1448 598 1490 nam
639 1425 762 1490 ciuilior
798 1424 903 1490 fuctus
938 1445 1163 1509 prosperorum
1215 1451 1216 1454 ¹

157 1528 182 1568 15
192 1509 329 1594 infregit
351 1510 516 1574 inuidiam.
550 1511 601 1575 cui
623 1530 690 1574 non
712 1510 764 1574 uel
786 1509 866 1574 illud
888 1515 1015 1594 tempus
1038 1509 1164 1574 sedatae

195 1594 344 1678 praebuit
375 1594 492 1659 mentis
520 1595 673 1660 indIcium
702 1616 765 1679 quo
793 1595 945 1659 horrendi
973 1594 1049 1658 belli
1077 1599 1165 1659 metu
1261 1583 1263 1642 ἶ

194 1678 537 1777 republicaliberata
559 1680 635 1745 elati
658 1701 766 1745 sumus
791 1679 899 1744 cuncti
921 1680 1079 1776 gestiente
1101 1680 1165 1743 lae·

194 1763 292 1862 utra?
315 1765 370 1862 sefl
385 1768 567 1850 imperator,
592 1786 782 1864 quamquam
799 1764 929 1829 caelesti
950 1785 1012 1848 ope
1028 1764 1166 1863 salutem

195 1870 242 1913 rer
268 1850 417 1932 publroae
445 1853 684 1935 propugnatam
714 1850 852 1932 arderet,
887 1853 919 1914 et
949 1848 1167 1914 condrtlonem

156 1950 183 1990 20
197 1933 298 1998 doluit
322 1933 497 1999 humanam
527 1940 560 1999 et
586 1935 780 1999 offensarum
802 1934 941 2019 gratiam
968 1932 1091 1998 faciens
1119 1933 1167 1997 in·
1245 1965 1269 1984 η

196 2017 266 2081 duit
279 2019 412 2082 fratrem
434 2023 467 2083 et
485 2021 573 2085 cuius
594 2020 692 2084 armis
712 2021 814 2084 uitam
834 2041 925 2083 suam
942 2018 1166 2102 Impugnatam

196 2103 318 2166 sciebat
350 2106 484 2166 mortem
521 2105 588 2168 eius
622 2105 749 2168 ornauit
781 2125 818 2168 ao
845 2108 957 2187 postea
986 2105 1052 2186 ipse
1079 2103 1167 2167 iusta

195 2186 360 2270 persoluit.
391 2191 424 2252 et
444 2188 599 2252 memoria
621 2191 654 2253 et
673 2189 834 2253 obliuione
856 2187 1023 2270 mirabilis,
1047 2185 1167 2251 oblitus

195 2271 320 2335 inimici
341 2273 489 2337 meminit
510 2272 646 2338 heredis.

158 2371 183 2412 ⁹5
261 2355 414 2422 XXVIII.
466 2357 528 2424 Sed
550 2359 626 2442 quid
649 2378 710 2442 ego
732 2358 860 2444 longius
882 2356 1002 2421 indicia
1023 2357 1111 2420 mitis
1135 2359 1170 2420 et

196 2445 383 2506 mansuetae
405 2443 524 2508 mentis
546 2443 695 2508 accerso?
740 2443 793 2508 hic
814 2442 899 2525 ipse,
927 2441 994 2523 hic,
1023 2440 1167 2524 inquam,

197 2526 265 2608 ipse
281 2525 349 2590 dies
363 2527 512 2609 praebuit
531 2527 636 2591 ciuilis
652 2528 750 2591 animi
771 2529 849 2591 satis
866 2527 951 2591 clara
966 2525 1167 2589 documenta.

197 2632 257 2696 ego
287 2613 319 2674 et
346 2611 470 2696 collega
498 2633 603 2694 meus,
636 2633 678 2676 ne
705 2612 780 2695 quid
810 2611 966 2675 maximus
994 2610 1171 2758 Imperator

196 2696 385 2780 propensius
418 2695 630 2762 humanitatis
663 2696 768 2760 studio
800 2696 935 2778 faceret,
968 2714 1042 2758 uere
1066 2715 1168 2757 amur.

160 2796 185 2836 ³0
198 2783 305 2865 itaque
332 2783 491 2847 matutino
525 2781 712 2866 crepusculo
738 2780 893 2864 palatium
920 2780 1070 2864 petimus.
1114 2776 1171 2842 ad·

196 2869 328 2930 uenture
350 2887 409 2930 nos
430 2867 571 2951 principi
593 2867 676 2931 forte
696 2869 765 2930 tum
787 2865 877 2930 danti
899 2886 1028 2948 operam
1050 2863 1171 2927 seluta·

199 3024 281 3032 --·....-
291 3026 402 3031 ffl--n-

266 3106 464 3159 2tollerandis
482 3120 520 3156 w:
545 3106 694 3158 tollerandl
712 3107 740 3153 Π
768 3104 778 3170 ΙΙ
808 3109 824 3156 ὅ
847 3106 1016 3154 mutauerint
1032 3105 1073 3167 ll,
1100 3119 1172 3156 corr.

198 3175 324 3239 Jeeperue
339 3175 343 3240 Ι
359 3176 537 3226 mutabuntur
555 3178 573 3224 0
592 3175 769 3240 mutabuntur
788 3175 811 3223 V
831 3171 841 3238 ΙΙ
862 3175 877 3222 0
896 3189 913 3222 a
930 3171 1058 3222 liberatis
1075 3173 1174 3236 scripsi
1229 3211 1239 3230 ,

199 3245 215 3292 l.
229 3245 246 3292 1.
256 3259 284 3306 p.
297 3247 364 3293 222:
382 3243 412 3294 in
423 3243 556 3294 laceratis
568 3244 596 3290 1
606 3245 636 3292 in
648 3242 789 3292 laceratas
799 3239 832 3292 G.
844 3240 1002 3306 prouincias
1012 3240 1145 3290 Liuineius
1162 3235 1174 3303 ll

200 3311 215 3360 ‘1
233 3308 325 3360 lassus
343 3327 389 3374 epo
406 3311 485 3362 itia:
506 3311 600 3376 lapsus
618 3311 646 3358 m
669 3306 679 3374 ΙΙ
703 3309 780 3371 9in3
799 3326 832 3358 an
851 3311 903 3358 en?
927 3305 937 3372 ΙΙ
962 3310 994 3359 12
1013 3307 1113 3372 prioris
1130 3319 1172 3355 vr

200 3377 337 3443 prloribus
354 3379 382 3425 Π
399 3375 409 3442 ll
428 3381 459 3429 13
478 3386 506 3430 et
523 3381 573 3429 del.
592 3392 617 3426 w
633 3375 643 3442 ΙΙ
662 3377 693 3426 16
711 3376 841 3427 iudicium
860 3377 877 3424 0
896 3377 918 3423 V
933 3373 944 3439 ll
965 3377 996 3426 19
1014 3387 1171 3440 propugna-

199 3450 258 3495 tam
277 3458 306 3510 ςε
325 3459 411 3510 propa
433 3450 505 3495 atam
523 3448 551 3494 Π
572 3444 582 3511 ΙΙ
603 3448 635 3496 21
654 3445 770 3494 fratrum
785 3447 803 3492 0
817 3443 823 3508 Ι
839 3458 916 3494 snam
928 3442 964 3492 A:
984 3459 1029 3494 om.
1042 3443 1062 3490 B
1074 3442 1092 3490 0
1104 3441 1127 3489 V
1137 3440 1173 3489 W

200 3511 209 3578 t
226 3515 259 3564 23
277 3511 398 3562 mirabili
442 3519 489 3562 ert.
512 3510 522 3576 11
544 3516 576 3564 29
595 3513 757 3581 propensius
776 3514 849 3565 edel:
867 3525 1031 3578 propensum
1048 3508 1076 3558 1
