2578 4000
279 219 488 274 trrxrumuo
508 222 555 296 un
575 219 837 272 consensuro
856 221 889 271 o.
911 221 985 270 1-2.
1055 217 1116 282 149

149 393 281 456 cumque
303 370 402 435 Fama
430 371 515 436 ultra
537 374 687 435 naturam
716 391 779 454 qua
800 370 935 455 fingitur
956 369 1117 433 discursus

147 457 290 521 uolucres
312 458 456 520 mutuata
480 461 512 519 et
527 457 599 540 plus
622 477 716 539 quern
739 453 825 519 mille
848 455 980 518 uocibus
1001 475 1117 517 sonora

147 541 336 625 percrebuit,
358 544 396 604 ut
409 541 551 604 omnium
568 543 737 604 nationum
758 539 1026 624 gratulationibus
1042 559 1117 604 con-

148 630 289 690 secretur
320 626 463 709 (etquid
494 625 588 690 rebus
616 625 767 688 humanis
797 625 985 708 contingere
1012 624 1119 707 potuit

149 715 203 774 aut
219 711 357 774 nobilius
380 711 418 773 ad
435 710 569 796 gloriam
593 715 647 774 aut
666 709 785 773 certius
809 709 1000 772 adsalutem
1024 727 1144 789 quams

148 796 231 878 quod
254 796 408 878 pristinae
431 800 556 858 uestrae
580 795 772 858 concordiae
795 797 1030 878 perpetuaeque
1053 794 1119 877 pie-

149 881 207 944 tsti
223 880 284 954 hoc
300 899 424 964 quoque
443 880 568 964 pignus·
578 879 721 960 accessit,
738 900 935 943 summorum
949 879 1116 942 nominum

150 966 309 1028 artissime
324 967 552 1029 coniunctione
563 964 754 1046 uenerabile,
770 967 806 1028 ut
819 963 1005 1048 imperatori
1016 961 1117 1026 filiam

151 1050 354 1114 colloeauerit
385 1049 618 1133 imperator?):
663 1049 718 1113 sed
751 1053 862 1114 tamen
896 1069 956 1112 nos
990 1049 1119 1132 oportet

149 1134 418 1200 omneshomines
442 1134 640 1198 exultatione
662 1155 822 1218 superare,
844 1134 898 1217 qui
914 1133 976 1200 hoc
990 1135 1118 1196 tantum
1132 1152 1157 1193 ιο

149 1221 194 1283 rei
215 1219 364 1303 publicae
380 1219 498 1282 bonum
517 1223 699 1302 praesentes
722 1220 892 1283 intuemur
904 1221 937 1282 ot
958 1219 1029 1301 ipsa
1050 1216 1119 1280 uul-

149 1308 237 1368 tuum
272 1308 450 1368 uestrorum
486 1303 754 1386 contemplatione
788 1303 942 1366 sentimus
971 1303 1018 1364 ita
1046 1323 1120 1364 con·

149 1389 276 1452 uenisse
305 1409 379 1470 uos,
417 1389 464 1450 ita
493 1410 559 1452 non
588 1388 734 1452 dexteras
762 1390 904 1468 tantum,
938 1385 993 1450 sed
1022 1387 1119 1450 etiarn

150 1495 261 1538 sensus
283 1477 407 1537 uestros
429 1477 616 1556 mentesque
638 1473 779 1536 iunxisse
803 1475 848 1552 ut,
872 1472 899 1535 si
916 1471 986 1534 fieri
1006 1471 1119 1554 possit,

150 1561 286 1622 transire
309 1558 446 1622 inuicem
469 1558 504 1620 in
527 1560 657 1642 pectora
679 1560 787 1621 uestra
809 1557 956 1640 cupiatis.
1132 1574 1158 1616 15

213 1641 256 1707 ΙΙ.
306 1641 389 1718 Quid
412 1643 498 1706 enim
521 1647 576 1706 aut
597 1647 634 1706 tu
657 1642 760 1706 carius
783 1643 858 1705 dere
881 1644 937 1705 aut
958 1643 992 1704 tu
1011 1639 1120 1704 carius

151 1729 294 1811 accipere
316 1727 477 1810 potuisti?
510 1747 581 1790 cum
604 1726 665 1790 hec
686 1727 844 1790 affinitate
867 1728 974 1790 uestra
997 1729 1029 1788 et
1050 1725 1120 1806 tibi,

151 1811 356 1894 Maximiano,
380 1833 438 1895 per
453 1832 609 1896 generum
622 1812 754 1876 iuuenta
772 1814 926 1874 renouata
941 1811 984 1874 sit
1003 1813 1036 1873 et
1049 1809 1120 1890 tibi,
1179 1838 1184 1842 ·

152 1896 366 1961 Constantine
359 1947 382 1988 4
408 1919 464 1980 per
486 1917 630 1960 socerum
653 1916 767 1960 nomen
791 1894 993 1979 imperatoris
1015 1915 1121 1958 acere-

151 1981 242 2047 uerit.
282 1981 438 2045 maximas
460 1981 569 2064 itaque
590 1979 698 2063 uobis,
721 1981 844 2044 aeterni
865 1979 1042 2062 principes,
1064 1998 1120 2061 pu·
1134 1997 1159 2037 ro

152 2065 233 2130 blico
249 2065 382 2130 nomine
397 2066 519 2149 gratias
534 2066 671 2150 agimus,
688 2065 771 2149 quod
787 2063 997 2148 suscipiendis
1012 2061 1120 2127 liberis

152 2150 363 2234 optandisque
390 2149 561 2234 nepotibus
589 2151 704 2214 seriem
733 2150 832 2214 uestri
854 2149 981 2234 generis
1006 2169 1121 2234 propu-

152 2237 258 2384 {ando
288 2235 435 2299 omnibus
463 2235 498 2299 in
527 2236 669 2300 futurum
698 2234 832 2300 saeculis
860 2233 1051 2318 prouidetis,
1086 2235 1122 2295 ut

182 2329 298 2384 omens
325 2341 375 2384 res
404 2319 480 2383 olim
504 2319 637 2383 diuersis
664 2320 847 2404 regentium
869 2319 1011 2383 moribus
1032 2318 1121 2381 latis-

150 2425 211 2488 que
240 2405 361 2468 iectata
381 2404 512 2468 tandem
534 2405 696 2487 perpetuis
719 2403 831 2468 domus
859 2407 983 2468 uestrae
1006 2401 1119 2465 radici·
1133 2419 1159 2460 re

151 2489 210 2554 bus
230 2489 434 2554 conualescat
448 2491 576 2572 tamque
592 2489 636 2553 sit
649 2489 831 2553 immortale
850 2487 936 2552 illius
951 2487 1128 2570 imperium

153 2595 247 2656 quem
269 2574 464 2657 sempiterna
484 2573 608 2638 soboles
626 2575 865 2658 imperatorum.
887 2572 966 2636 haec
982 2571 1032 2636 est
1046 2592 1122 2634 uera

152 2659 271 2742 pietas,
302 2658 380 2723 haec
407 2658 556 2742 uoluptas
584 2660 794 2724 conserusndi
822 2659 948 2744 generis
975 2656 1120 2738 humani,

153 2743 334 2827 exemplum
362 2743 437 2808 dare
465 2743 616 2827 gentibus
647 2742 686 2806 ad
714 2743 921 2808 matrimonia
950 2740 1121 2805 studiosius

154 2829 331 2912 expetenda
367 2832 399 2892 et
431 2827 547 2892 liberos
585 2826 782 2906 educandos,
820 2829 857 2890 ut
888 2824 1119 2889 substituendis
1132 2841 1159 2882 so

154 2913 407 2977 successionibus
429 2912 628 2998 singulorum
651 2911 734 2976 nihil
756 2911 842 2976 obsit
862 2929 1121 2992 unumquemque

154 3016 223 3062 esse
244 2998 422 3078 mortalem,
449 3019 521 3062 cum
542 2995 734 3060 immortalis
756 2999 799 3060 sit
821 2995 964 3059 omnium
987 2993 1121 3078 posteri·

153 3083 221 3145 tate
248 3103 299 3146 res
327 3081 467 3165 publica.
511 3102 625 3166 quare,
659 3081 685 3144 si
714 3081 801 3166 leges
829 3100 885 3144 eae
914 3099 994 3163 quae
1021 3079 1122 3142 multa

154 3221 356 3231 m-

225 3290 234 3336 1
256 3287 339 3346 ultra;
358 3289 439 3338 malim
457 3287 535 3337 trista
552 3283 562 3350 ΙΙ
579 3289 595 3338 4
614 3291 642 3338 et
654 3288 756 3337 addidi:
776 3303 822 3336 om.
837 3287 864 3334 Μ
882 3285 946 3350 quid
959 3287 1030 3336 euim
1043 3285 1121 3350 Ousp.

153 3348 196 3418 115
216 3352 275 3421 aut]
296 3362 326 3406 ut
343 3358 366 3404 A
383 3355 427 3406 uel
446 3357 480 3403 W
495 3355 499 3418 Ι
515 3355 647 3406 nobilitas
665 3357 687 3403 A
706 3353 716 3419 ll
738 3357 769 3404 la
788 3354 892 3403 uultum
910 3355 932 3401 A
947 3353 952 3417 Ι
967 3359 1121 3403 nostrorum

155 3421 188 3468 W
209 3418 220 3486 ΙΙ
241 3425 275 3488 lb
291 3424 403 3472 dextras
422 3423 443 3470 V
464 3421 473 3488 ΙΙ
500 3426 530 3473 15
548 3425 668 3474 inuicem
687 3439 733 3472 om.
750 3425 784 3471 W
808 3419 817 3486 ΙΙ
842 3424 874 3470 2⁵2
894 3421 1070 3486 propagando
1090 3435 1120 3486 ςε

154 3492 327 3556 prorogando
344 3491 380 3542 Η,
395 3489 405 3556 ΙΙ
429 3493 461 3540 ’26
480 3491 619 3541 coalescat
636 3493 697 3542 edd.
721 3487 732 3555 ΙΙ
754 3487 937 3544 recolamus
956 3491 1090 3538 Aer'rlab‘us
1111 3484 1121 3551 ΙΙ

154 3558 187 3605 32
207 3559 280 3608 omni
296 3559 364 3607 Η]
382 3559 499 3609 omnium
521 3560 546 3607 in
567 3559 639 3608 Bert.
659 3557 668 3624 ΙΙ
686 3553 717 3610 3'3
737 3573 769 3607 ee
788 3559 834 3606 W:
854 3573 869 3607 e
886 3557 909 3606 A
926 3556 978 3605 hae
996 3557 1016 3603 B
1033 3557 1051 3604 0
1069 3555 1091 3602 V
1124 3591 1128 3595 .
