2578 4000
310 161 563 215 consrnnrnuo
581 162 756 216 accusso
774 163 807 214 u.
825 167 901 216 a-s.
1025 163 1089 226 219
1170 117 1172 120 ¹

12 317 13 326 ³
121 312 168 375 tia
191 310 252 374 sibi
274 309 416 374 uindicat
437 314 474 374 ut
495 311 560 375 iam
583 312 724 394 coeperit
744 333 812 376 non
833 313 1089 398 uirtutismagis

123 417 220 479 quam
247 395 444 479 integritatis
478 417 546 459 esse
579 395 721 460 uictoria.
765 400 891 479 spectat
917 398 1002 461 enirn
1029 419 1090 462 nos

123 501 162 544 ex
190 479 257 543 alto
285 501 391 544 rerum
424 480 545 544 arbiter
572 481 648 544 deus
676 482 724 562 et,
760 481 903 563 quamuis
930 481 1090 546 humanae

12 623 14 630 ,
123 567 248 629 mentes
270 563 444 647 profundos
466 566 582 648 gerant
605 564 837 648 cogitationum
858 587 1015 648 recessus,
1042 567 1090 630 in-

12 673 13 712 3
122 647 231 712 sinuat
258 651 369 712 tamen
403 664 472 712 sese
499 651 584 712 totas
618 651 797 714 scrutatura
827 649 994 733 diuinitas,
1029 667 1116 714 neca

12 803 14 806 ,
122 733 193 798 fieri
217 735 324 816 potest
351 735 401 811 ut,
432 753 504 796 cum
532 732 679 816 spiritum
707 754 801 817 quem
829 733 989 817 ducimus,
1019 756 1092 798 cum

12 855 13 864 κ
122 820 174 881 tot
199 817 368 880 commoda
395 817 509 900 quibus
538 817 657 890 alimur
680 817 825 882 diuinum
851 818 945 882 nobis
971 839 1092 883 numen

122 898 316 984 impertiat,
340 904 498 964 terrarum
525 923 557 965 se
586 901 670 966 curis
698 902 896 966 abdicauerit
922 924 982 967 nec
1008 903 1092 966 inter

121 1007 235 1050 eorum
267 985 353 1050 uitas
383 985 534 1050 diiudicet
566 1007 700 1071 quorum
731 986 887 1050 utilitates
920 987 1090 1071 gubernat.

89 1129 92 1132 .
123 1069 180 1133 illa
207 1070 308 1154 igitur
334 1069 400 1152 uis,
429 1069 485 1133 illa
512 1070 663 1135 maiestas
691 1070 782 1134 fandi
810 1093 847 1134 ac
874 1070 1008 1135 nefandi
1030 1070 1091 1134 dis·
1104 1089 1130 1129 ro

125 1154 338 1236 criminatrix,
372 1174 452 1237 quae
479 1156 587 1218 omnia
616 1155 804 1219 meritorum
830 1158 995 1219 momenta
1022 1177 1093 1238 per·

122 1238 238 1322 pendit
259 1239 357 1303 librat
380 1239 550 1318 examinat,
574 1239 630 1302 illa
646 1239 798 1322 pietatem
812 1242 901 1303 tuam
922 1240 1014 1320 texit,
1038 1239 1113 1304 illa.

122 1323 285 1388 nefariam
297 1323 383 1387 illius
398 1324 528 1406 tyranni
543 1323 643 1407 fregit
658 1323 842 1405 amentiam,
864 1323 921 1386 illa
935 1323 1094 1387 inuictum

124 1409 300 1475 exercitum
328 1410 419 1472 tuum
445 1411 495 1471 tot
522 1408 729 1472 uictoriarum
763 1406 959 1470 conscientia
988 1407 1093 1490 plenis

124 1494 308 1578 pectoribus
345 1493 510 1556 ardentem
546 1491 645 1555 tantis
686 1492 818 1575 insuper
853 1491 975 1555 uiribus
1011 1491 1132 1554 iuuitrs

125 1580 264 1663 quantas
286 1580 452 1661 praestare
476 1578 530 1640 aut
547 1576 624 1640 deus
638 1577 744 1659 potuit
766 1579 822 1639 aut
843 1596 931 1638 amor
944 1579 1019 1640 tuus
1042 1574 1094 1639 de·

124 1664 210 1745 buit,
238 1665 276 1726 ut
297 1662 473 1726 horrendas
496 1661 595 1742 acies,
624 1663 661 1724 ut
681 1660 847 1744 incognita
869 1659 946 1722 ferri
972 1663 1004 1722 et
1026 1679 1093 1722 cor-

125 1769 240 1832 porum
268 1748 384 1811 robora
404 1745 578 1810 fulmineus
606 1744 698 1808 miles
726 1747 898 1825 auerteret,
926 1745 978 1825 ut,
1007 1743 1094 1826 quic·

124 1832 203 1916 quid
217 1833 414 1895 instruxerat
428 1830 571 1895 diuturni
592 1827 721 1892 sceleris
736 1829 836 1912 longa
851 1827 985 1906 malitie,
1006 1827 1095 1890 felici

12 1953 16 2004 ,
127 1937 188 1980 con
231 1916 355 1980 essione
378 1935 589 1979 consumeres.
1107 1928 1133 1968 20

223 1999 282 2064 III.
328 1999 356 2064 O
378 2003 482 2081 tuam,
504 1999 689 2082 imperator,
712 2017 780 2061 non
802 1995 971 2061 uictoriam
992 1995 1096 2078 magis

128 2107 225 2168 quam
247 2085 450 2148 clementiam
471 2083 734 2166 praedicandam!
771 2082 905 2165 grauate
928 2083 1006 2164 aput
1028 2078 1096 2142 ani-

127 2191 215 2233 mum
247 2170 338 2232 tuum
372 2170 470 2232 etiam
501 2167 578 2231 mali
603 2168 749 2250 pereunt.
794 2165 915 2230 inuitus
943 2163 1098 2248 pugnasti

126 2254 183 2338 qui
204 2257 273 2317 tam
294 2252 390 2316 facile
413 2253 575 2316 uincebas.
619 2250 803 2314 iamdudum
831 2250 948 2332 quippe
974 2247 1096 2331 praeui-

128 2339 220 2403 deras
243 2337 406 2400 hominem
429 2357 498 2400 non
519 2334 707 2419 imperando
725 2333 875 2415 habilem,
897 2353 964 2396 non
986 2335 1096 2395 tantae
1110 2347 1136 2389 2⁵

128 2421 307 2486 maiestatis
336 2441 502 2504 capacem,
541 2420 624 2502 quod
652 2416 840 2502 magnitudo
873 2415 957 2479 male
986 2415 1099 2479 crediti

128 2507 271 2570 muneris
294 2507 385 2569 extra
406 2504 506 2569 animi
531 2503 698 2588 angurstias
720 2501 882 2566 effluebat.
927 2521 1022 2583 quam
1044 2499 1099 2582 qui

129 2591 213 2654 tueri
234 2594 412 2673 nequeunt,
444 2589 500 2654 ubi
522 2589 580 2654 sub
602 2590 695 2652 tanto
723 2607 819 2650 onere
840 2585 991 2649 fortunae
1012 2583 1099 2648 infir-

129 2677 226 2739 mitas
248 2675 338 2757 lapsa
361 2676 419 2758 est,
440 2673 569 2738 faciunt
585 2673 751 2737 licentiam
773 2670 812 2734 de
826 2673 993 2754 potestate.
1023 2667 1099 2751 quid

129 2781 193 2843 ego
216 2757 354 2821 referam
381 2758 559 2822 infelicium
581 2757 822 2840 indignissimas
846 2753 981 2818 caedes?
1024 2752 1138 2834 quida

130 2841 311 2923 inexpletos
334 2841 504 2904 libidinum
525 2841 658 2924 pastus?
695 2840 771 2924 quid
793 2839 926 2903 miseras
949 2837 1100 2920 patrimo

130 2925 261 2990 nicrum
284 2924 501 3007 direptiones?
546 2924 700 2988 sileantur
722 2924 801 2994 haec
823 2945 916 3010 saue,
944 2941 1010 2988 non
1030 2923 1099 2988 tan·

201 3222 217 3274 5
236 3227 310 3275 totas
328 3239 390 3290 epo:
415 3228 502 3274 totam
519 3226 546 3272 n
569 3221 573 3287 Ι
597 3225 774 3275 seruaturad
797 3220 807 3287 11
837 3225 867 3274 19
885 3223 967 3286 longo
986 3223 1008 3271 Δ
1031 3217 1041 3286 ss
1070 3222 1103 3270 22

132 3289 263 3356 grauate]
283 3291 405 3358 grauiter
423 3305 447 3340 w
468 3291 478 3356 ΙΙ
499 3294 531 3342 23
550 3292 633 3342 etiam
652 3298 711 3340 ante
729 3290 796 3339 mall
812 3292 836 3338 A
850 3289 935 3348 Bere„
953 3296 1013 3340 ante
1030 3286 1105 3354 apud

132 3359 153 3406 Β
172 3361 190 3407 0
210 3359 230 3406 V
247 3361 281 3407 W
298 3367 394 3424 ponunt
418 3357 428 3426 ΙΙ
452 3362 485 3410 24
502 3359 704 3426 peruideresA
727 3353 738 3423 ΙΙ
761 3360 793 3408 27
813 3355 906 3423 quam]
929 3357 1001 3420 quod
1018 3359 1076 3408 edd.
1095 3352 1104 3420 tl

133 3428 167 3542 {p
186 3426 239 3477 fac.
258 3427 290 3476 de
308 3432 366 3491 pot.
385 3427 481 3482 licent.
498 3441 524 3478 w
553 3425 564 3494 ΙΙ
592 3430 625 3480 32
642 3427 713 3478 haee
733 3441 761 3492 ςτ
779 3425 829 3476 hee
847 3426 870 3475 Α
887 3425 922 3475 hc
940 3426 961 3474 B
978 3426 1000 3473 V
1018 3424 1105 3475 haeft

179 3508 205 3543 w
222 3495 274 3545 hoc
292 3510 308 3561 ς
