2586 3996
335 185 549 238 rnnonosro
568 187 740 239 nucusro
760 188 793 239 o.
812 190 888 238 4-e.
1035 185 1099 250 275

128 335 189 400 tim
211 335 386 401 uirtutibus
406 335 627 420 praedicandis
642 336 796 418 prolixius
819 337 1020 419 immorarer3
1044 335 1100 399 scd

151 420 204 484 uid
226 420 367 486 faciam?
405 441 521 484 nouam
544 420 715 503 quamdam
736 420 842 502 patior
865 441 903 483 ex
927 441 963 484 co
987 419 1018 483 ia
1040 419 1100 483 dif-

125 441 314 568 leuitatem.
362 505 454 588 quid,
489 505 638 588 inquam,
674 503 812 568 faciam?
858 526 939 587 quae
965 442 1099 568 lihenus

130 592 188 652 aut
202 587 336 654 Uahalis
359 589 441 652 uidit
462 611 482 651 a
506 587 657 672 gradiar?
683 589 748 651 iam
771 609 804 652 se
827 587 906 652 mihi
922 587 1100 652 Sarmatica

127 672 227 737 caede
249 672 443 758 sanguineus
458 611 568 737 ἐπει
583 672 710 736 obiciet.
740 672 887 736 attritam
900 672 1099 756 pedestribus
1112 691 1125 735 a

128 757 260 840 proeliis
276 755 478 822 Britanniam
500 756 662 821 referam?
684 755 769 821 Saxo
785 764 993 864 consumatus
1008 756 1100 822 bellis

129 843 296 906 naualibus
312 841 474 906 offeretur.
497 841 661 905 redactum
678 841 719 904 ad
733 839 867 925 paludes
882 862 954 904 suas
971 839 1102 906 Scotum

131 925 265 1010 loquar?
303 926 486 1009 compulsus
513 927 549 990 in
571 925 760 989 solitudines
788 926 877 989 anias
899 925 1002 988 omnis
1025 925 1101 988 Ala·

130 1031 269 1074 mannus
297 1014 329 1074 et
356 1014 488 1157 uterque
514 1009 646 1074 Maurus
673 1013 850 1074 occurrent.
902 1030 974 1073 curn
1002 1009 1102 1093 igitur

126 1093 570 1243 t'ltlltlt'lzdtlltr
592 1093 1140 1262 ζῖἒὲἒέἓὲρῗᾷῗᾱίθῖὲἶὲξῗὲῖω

130 1262 248 1328 dixisse
275 1264 415 1328 sufficiat
442 1285 543 1326 unum
571 1262 664 1325 illum
690 1261 844 1325 diuinitus
873 1261 1031 1341 extitisse,
1067 1261 1103 1324 in

129 1367 195 1429 quc
217 1348 353 1410 uirtutes
375 1347 470 1410 simul
492 1367 604 1409 omnes
626 1347 775 1429 uigerent
795 1365 876 1427 quae
899 1344 1046 1428 singulae
1067 1344 1102 1410 in

131 1430 317 1494 hominibus
338 1431 573 1514 praedicantur.
607 1449 649 1493 an
671 1429 699 1492 si
721 1430 789 1493 eius
811 1428 936 1494 saeculo
957 1449 1027 1492 mos
1048 1427 1103 1494 ille

132 1514 266 1578 uixisset
293 1535 356 1598 quc
384 1513 521 1578 Romani
550 1513 646 1578 duces
672 1513 872 1578 Macedonici
895 1511 1014 1578 Cretici
1035 1511 1102 1578 Nu·
1116 1533 1142 1574 re

132 1599 272 1664 mantini
294 1599 332 1662 de
348 1598 510 1662 uocabulis
525 1598 674 1682 gentium
696 1597 900 1662 subactarum
917 1597 1103 1680 adoptiuum

131 1683 262 1768 insigne
277 1682 464 1747 sumebant:
487 1703 597 1746 nonne
613 1681 708 1746 hodie
722 1682 875 1765 pauciora
889 1681 924 1746 in
939 1680 1103 1746 annalium

130 1767 261 1832 scriniis
289 1789 381 1852 quam
411 1767 447 1831 in
473 1770 600 1832 uestrae
627 1764 737 1831 domus
759 1765 862 1830 titulis
891 1769 1105 1850 cognomenta
1158 1780 1192 1790 ··

132 1850 342 1936 legerentur?
378 1872 451 1916 cum
478 1851 548 1935 ipss
576 1851 766 1930 Saronicus,
800 1851 869 1933 ipse
897 1849 1103 1934 Sarmaticus,

133 1937 202 2021 ipse
231 1935 465 2000 Alamannicus
500 1935 658 2001 diceretur
685 1939 732 2020 et,
770 1937 928 2019 quantum
955 1936 1025 1998 tota
1052 1954 1103 1997 res
1116 1953 1142 1996 ao
1201 1952 1204 1958 ·

134 2020 264 2104 publica
278 2020 377 2085 habet
391 2019 544 2105 hostium,
565 2021 691 2084 tanturn
706 2041 771 2084 una
784 2018 909 2084 familia
924 2017 1105 2084 ostenderet

133 2105 229 2169 trium
253 2104 378 2170 horum.

197 2128 254 2252 Vl.
307 2188 370 2254 Sed
393 2189 468 2272 quid
496 2209 626 2253 necesse
655 2193 706 2252 cst
725 2187 811 2252 mitti
839 2189 874 2252 in
895 2187 1106 2272 praeteritum

134 2272 339 2356 diligentiam
362 2273 541 2336 curiosam?
582 2277 720 2357 patrem,
743 2273 931 2356 imperator,
953 2275 1044 2336 tuum
1066 2271 1106 2335 de

134 2361 167 2420 te
195 2356 415 2440 aestimemus3
449 2377 509 2420 neo
536 2356 677 2421 difficilis
705 2356 896 2421 coniectatio
923 2360 981 2420 est.
1029 2377 1105 2420 nam
1118 2373 1144 2416 aa

135 2463 208 2506 cum
230 2439 293 2505 duo
316 2441 384 2504 sint
405 2462 485 2525 quac
508 2441 611 2504 claros
633 2440 728 2504 duces
745 2439 876 2524 faciant,
899 2461 1022 2504 summa
1043 2439 1105 2502 uir·

136 2529 188 2590 tus
211 2547 398 2610 summaque
420 2525 558 2590 felicitas
565 2573 574 2606 ‚
606 2526 688 2590 scire
711 2524 842 2588 obuium
863 2527 913 2588 est
934 2546 996 2609 qua
1039 2543 1106 2587 rae·

133 2611 220 2675 ditus
243 2610 342 2674 fuerit
355 2610 511 2674 felicitate
532 2615 561 2676 et
574 2612 690 2676 airtctc
708 2609 809 2693 quite
824 2609 946 2694 genuit.
973 2630 992 2673 o
1007 2547 1106 2693 digna

205 2769 338 2815 Anouam
359 2790 385 2798 -
407 2768 423 2814 3
442 2765 546 2814 facicm
564 2779 610 2813 om.
629 2764 661 2811 W
685 2761 695 2826 l
718 2761 869 2812 anhalis
886 2761 976 2811 Bert:
994 2759 1108 2811 Uacalis

135 2834 158 2882 Β
176 2833 198 2880 V
217 2832 348 2881 Vachalin
366 2831 390 2878 A
402 2834 419 2878 0
431 2831 464 2879 W
481 2828 491 2894 l
513 2831 529 2880 6
547 2830 698 2879 britaniam
716 2841 753 2877 w:
772 2830 914 2878 batauiam
932 2831 959 2876 tt
975 2826 985 2893 11
1002 2830 1017 2878 ‘1
1036 2833 1107 2877 scot·

136 2905 193 2949 tum
211 2900 239 2945 ll
262 2896 272 2962 l
302 2901 318 2949 8
337 2897 462 2947 almanus
479 2899 502 2946 A
531 2894 541 2960 ss
573 2894 750 2947 ludilonem
767 2898 790 2945 A
810 2894 814 2959 Ι
834 2896 981 2946 tentumA
1002 2895 1006 2957 Ι
1026 2898 1109 2960 gesta

137 2971 256 3032 praestet
273 2966 296 3013 A
314 2965 404 3015 Bert:
428 2969 551 3030 praestet
570 2964 705 3029 (praestat
723 2965 766 3025 W)
786 2969 863 3028 gesta
882 2971 941 3014 cett.
970 2961 980 3028 ΙΙ
1012 2965 1042 3012 14
1060 2962 1107 3012 ho-

138 3034 258 3085 minibus
275 3035 371 3094 compsi
388 3037 405 3082 l.
424 3035 457 3082 t:
475 3031 601 3081 omnibus
618 3034 646 3079 Η
669 3028 679 3095 ΙΙ
705 3034 736 3081 15
754 3031 891 3096 uiguisset
909 3033 1057 3084 Acidaliae:
1074 3047 1108 3080 on

137 3103 306 3153 reuixisset?
337 3098 347 3165 ΙΙ
379 3101 410 3150 16
429 3099 588 3164 adoptiuum
606 3113 644 3147 w:
666 3099 700 3148 ad
719 3101 850 3163 optimum
867 3100 894 3147 ll
923 3095 933 3163 ΙΙ
964 3101 994 3148 ll
1012 3094 1105 3164 hodie]

138 3169 182 3219 his
201 3169 232 3217 W
249 3166 259 3234 ΙΙ
277 3171 310 3219 20
328 3168 500 3217 almannicus
518 3168 541 3215 A
558 3163 568 3232 ΙΙ
585 3169 617 3216 21
637 3165 795 3217 ostenderet
815 3171 843 3216 et
859 3168 882 3215 A
893 3167 913 3214 B
925 3166 948 3212 V
964 3163 974 3231 ΙΙ
995 3167 1028 3216 ‘25
1045 3166 1109 3215 esti·

137 3251 239 3288 memus
261 3237 285 3284 A
308 3235 399 3289 Bora:
427 3234 589 3284 extimemus
610 3235 630 3282 B
649 3236 666 3282 0
684 3234 707 3280 V
725 3234 757 3281 W
790 3231 800 3298 [1
834 3237 867 3284 27
890 3249 942 3298 qua
966 3232 1107 3298 praeditus

139 3304 227 3354 luerit
243 3306 347 3354 uirtute
372 3303 418 3368 qui
441 3310 468 3352 te
488 3301 595 3365 docuit,
620 3317 675 3366 qua
698 3300 782 3351 luerit
805 3301 941 3352 felicitate
965 3301 1109 3366 praeditus

139 3372 187 3435 qui
205 3376 233 3420 te
253 3372 348 3433 genuit
360 3372 437 3434 θυεμ.
455 3370 597 3436 praeditus
613 3377 674 3434 post
693 3385 747 3433 qua
758 3370 781 3418 A
794 3369 877 3431 Bere„
896 3377 956 3433 pose
973 3368 1108 3418 felicitate

136 3440 160 3488 B
177 3442 195 3487 0
212 3439 235 3486 V
252 3440 285 3487 W
303 3447 402 3503 ponunt
423 3436 433 3504 l
457 3440 489 3489 28
508 3438 563 3488 fuit
580 3435 616 3502 01
637 3443 665 3488 et
683 3437 786 3486 uirtute
805 3439 909 3488 addidi:
930 3453 976 3490 orn.
995 3435 1042 3501 llll
1062 3435 1109 3499 qui

137 3524 186 3559 oua
204 3509 227 3556 A

906 3585 955 3639 18·
