2578 4000
200 214 262 279 118
515 215 576 266 vu.
607 213 754 265 messer
773 211 853 264 prr.

197 364 343 450 profecto
366 363 455 428 illam
472 384 534 447 quo
556 384 597 426 ue
618 363 761 427 numinis
775 364 825 427 tui
846 362 953 428 sedem
977 365 1009 426 et
1024 363 1168 428 calentes

198 471 294 547 aquas
323 449 392 514 sine
413 449 479 514 ullo
507 385 568 512 sodi
590 447 730 512 ardentis
754 447 888 528 indici0,
917 456 1051 532 quarum
1078 448 1167 512 nulla

197 535 332 599 tristitia
359 535 409 598 est
430 533 551 617 saporis
579 531 789 614 authaldus,
819 532 880 606 sed,
896 534 970 596 talis
992 532 1112 597 haustu
1135 537 1166 598 et

198 619 293 684 odore
315 617 481 682 sinceritas
504 617 605 701 qualis
627 616 766 681 fontium
788 617 989 701 frigidorum.
1019 617 1113 682 dabis
1136 621 1166 682 et

173 704 265 768 billio
293 725 441 785 munera,
477 703 652 766 constitues
679 701 866 786 priuilegia,
899 703 1002 785 ipsam
1030 701 1168 786 denique

197 789 335 874 patriam
355 800 458 852 'meam
473 787 574 871 ipsius
589 785 652 850 loci
672 787 880 851 ueneratione
897 787 1055 851 restibues.
1079 787 1167 852 cuius

199 873 339 938 ciuitatis
368 873 500 956 antiqua
527 871 678 935 nobilitas
707 874 740 936 et
760 870 920 954 quondam
941 871 1085 936 fraterno
1115 893 1169 956 po

199 957 267 1041 puli
289 954 430 1020 Romani
457 957 588 1020 nomine
611 955 750 1040 gloriata
777 976 871 1039 opem
892 960 967 1020 tuae
988 957 1169 1020 maiestatis

200 1044 362 1138 expectat²
399 1045 436 1105 ut
467 1039 534 1104 illic
567 1061 691 1124 quoque
723 1041 796 1104 loca
823 1040 954 1124 publiea
987 1045 1020 1105 et
1046 1041 1174 1124 templa

162 1145 187 1184 ιο
200 1125 416 1209 pulcherrima
437 1128 494 1188 tua
514 1124 708 1190 liberalitate
730 1128 933 1208 reparentur,
957 1126 1053 1190 sicuti
1075 1126 1169 1190 uideo

199 1211 285 1274 hanc
310 1209 598 1274 fortunatissimam
626 1209 804 1290 ciuitatem,
837 1211 926 1274 cuius
954 1210 1073 1276 natalis
1102 1210 1171 1274 dies

199 1299 256 1360 tua
277 1295 397 1379 pietate
421 1295 612 1376 celebratur,
641 1295 688 1358 ita
717 1295 841 1359 cunctis
869 1295 1037 1359 moenibus
1065 1315 1169 1359 resur·

200 1382 331 1465 gentem
357 1383 395 1444 ut
423 1401 456 1444 se
478 1379 711 1464 quodammodo
733 1379 874 1464 gaudeat
898 1379 975 1443 olim
998 1380 1169 1462 corruisse,

201 1467 321 1528 auctior
343 1465 408 1529 tuis
431 1465 517 1528 facta
537 1463 711 1528 beneficiis.
737 1463 830 1528 uideo
854 1464 971 1528 circum
993 1464 1171 1528 maximum

163 1567 188 1605 1⁵
203 1549 375 1631 aemulum,
398 1545 508 1632 crede,
530 1547 691 1631 Romen0,
713 1548 805 1613 uideo
827 1549 975 1613 basilicas
998 1551 1031 1612 et
1051 1549 1171 1633 forum,

202 1655 299 1716 opera
324 1633 427 1718 regia,
458 1633 627 1718 sedemque
653 1633 794 1697 iustItiae
822 1633 858 1697 in
881 1637 1005 1698 tantam
1028 1633 1172 1698 altibudi·

200 1739 275 1782 nem
296 1719 444 1783 suscitari
467 1722 503 1782 ut
518 1740 551 1782 se
572 1717 728 1782 sideribus
749 1721 781 1782 et
798 1718 884 1782 caelo
900 1718 1055 1802 contigua
1078 1721 1111 1782 et
1125 1717 1172 1782 ui·

202 1803 274 1868 cina
296 1804 496 1887 promittant.
541 1825 621 1887 quae
650 1807 735 1868 certe
763 1803 872 1866 omnia
895 1806 971 1866 sunt
991 1803 1172 1887 praesentis

201 1909 345 1956 munera.
374 1909 591 1972 quaecumque
612 1889 698 1968 enim
719 1886 789 1952 loca
805 1887 1064 1970 frequentissime
1079 1891 1171 1952 tuum

164 1989 189 2028 20
202 1994 322 2037 numen
343 1972 494 2055 illustrat,
518 1971 624 2036 inhia
647 1973 756 2036 omnia
779 1976 810 2036 et
825 1971 1007 2036 hominibus
1031 1975 1065 2036 et
1087 1993 1170 2036 moe·

201 2056 297 2120 nibus
326 2077 365 2120 ex
387 2056 571 2120 muneribus
594 2059 657 2120 tuis
685 2059 859 2140 augentur3
892 2077 951 2120 nec
974 2056 1079 2142 magis
1101 2055 1172 2121 Ioui

203 2143 235 2204 et
256 2139 373 2203 Iunoni
400 2138 628 2204 recubantibus
656 2161 759 2205 nouos
781 2141 874 2206 flores
897 2143 982 2205 ter'ra
1010 2141 1173 2206 summisit

202 2245 297 2307 quam
320 2224 404 2288 circa
426 2227 492 2308 tua,
516 2222 739 2310 Constantine,
762 2225 899 2310 uestigia
920 2225 1015 2290 urbes
1038 2229 1071 2290 et
1091 2229 1173 2290 tem-

202 2308 257 2392 pla
285 2311 494 2392 consurgunt.
537 2309 672 2393 ideoque
694 2310 757 2374 hoc
783 2311 866 2375 uotis
891 2311 969 2374 meis
993 2311 1115 2374 sufficit
1136 2311 1174 2374 ut

163 2409 189 2450 2⁵
202 2395 341 2476 patriam
370 2415 474 2458 meam
504 2392 612 2458 uideas
635 2395 770 2459 ducente
792 2395 927 2478 pietate,
956 2395 1031 2478 quia
1060 2395 1173 2460 statim

204 2479 265 2542 erit
285 2479 451 2559 restituta,
479 2478 506 2542 si
529 2479 657 2544 uideris.
692 2479 747 2543 sed
770 2479 855 2542 enim
877 2480 941 2544 ista
962 2478 1102 2544 felicitas
1126 2479 1173 2543 ui-

203 2562 286 2626 derit
308 2584 349 2625 an
371 2563 475 2626 adhuc
497 2584 587 2627 meae
609 2564 761 2628 debeatur
783 2564 902 2628 aetati(

267 2643 389 2712 XXIII.
433 2646 568 2712 Interim
596 2649 747 2732 quoniam
776 2647 816 2712 ad
838 2665 995 2712 summam
1021 2651 1174 2713 uotorum

101 2772 108 2791 .
202 2748 346 2796 meorum
382 2734 439 2797 tua
471 2731 659 2818 dignatione
691 2733 839 2818 pemani,
877 2736 914 2798 ut
946 2732 1030 2797 hanc
1066 2755 1174 2797 meam

163 2831 189 2870 ³0
203 2815 465 2902 qualemcumque
486 2838 598 2882 uocem
620 2818 753 2883 diuersis
775 2818 838 2882 fori
866 2821 898 2882 et
919 2816 1032 2902 palatii
1055 2818 1175 2882 officiis

271 3005 372 3056 Aeolis
391 3001 474 3070 Wssb
492 3010 540 3055 aut
557 3006 669 3057 habitus
687 3008 720 3055 W
736 3003 746 3072 ss
764 3008 779 3056 6
796 3007 1005 3057 uenerationem
1022 3008 1045 3054 A
1062 3001 1073 3069 ll
1091 3007 1106 3056 9
1125 3021 1175 3072 pu-

202 3073 276 3124 blica
294 3089 341 3124 cm.
361 3073 394 3120 W
417 3070 428 3138 ΙΙ
454 3075 484 3124 10
503 3073 585 3124 sicuti
603 3075 748 3124 Liuineius:
767 3074 839 3123 siout
857 3073 901 3125 hIc
918 3076 946 3123 11
968 3071 978 3138 ΙΙ
1004 3075 1034 3123 11
1054 3073 1175 3123 fortissi-

203 3155 276 3189 mam
293 3140 369 3190 Bcrt.
392 3137 402 3204 ΙΙ
424 3141 455 3190 17
473 3138 568 3206 dtigua
585 3143 692 3206 scripsi:
710 3141 794 3206 digna
810 3141 837 3188 n
858 3139 868 3208 ΙΙ
891 3143 922 3193 18
940 3141 1099 3206 praesentis
1115 3155 1174 3190 mu·

203 3221 270 3256 nera
287 3209 396 3271 scripsi:
419 3209 561 3271 presentia
578 3221 691 3258 munera
708 3209 736 3256 A!
757 3210 934 3274 praesentiae
954 3213 1016 3259 tuae
1034 3217 1107 3258 mun.
1128 3209 1174 3257 Li-

203 3275 301 3324 uineius
318 3271 328 3338 ΙΙ
349 3277 381 3324 20
400 3277 490 3325 omnia
509 3281 537 3326 et
554 3276 625 3327 hom.
644 3277 667 3323 A
678 3276 711 3323 W
723 3276 813 3326 Bere:
832 3282 860 3328 et
878 3277 948 3328 hom.
968 3275 1058 3327 omnia
1075 3276 1096 3324 B
1115 3277 1134 3324 c
1153 3275 1176 3322 V

206 3337 218 3406 tt
246 3343 278 3391 21
297 3355 330 3390 ex
347 3343 506 3394 muneribus
524 3344 580 3394 tuis
597 3346 693 3406 sampsi
709 3347 724 3398 l.
744 3348 760 3397 l.
778 3357 805 3410 p.
825 3348 891 3395 220:
910 3349 939 3396 et
955 3343 1113 3394 muneribus
1132 3343 1173 3408 13

204 3425 238 3458 ab
255 3409 404 3458 delendum?
424 3407 435 3474 ΙΙ
456 3413 488 3460 22
507 3413 535 3461 et
551 3424 598 3462 orn.
610 3413 633 3459 A
645 3410 678 3460 W
695 3411 850 3478 Iunonique
869 3403 928 3467 edd.
944 3410 948 3476 1
964 3411 1135 3462 recumbant.
1152 3411 1178 3459 A

206 3471 220 3540 Η
252 3476 284 3526 25
311 3475 442 3539 pietatem
464 3479 487 3525 A
503 3477 524 3527 B
542 3479 565 3525 V
593 3475 604 3542 ΙΙ
633 3480 665 3527 29
689 3493 776 3529 meam
799 3496 846 3530 om.
868 3481 901 3529 W
930 3478 940 3545 tt
969 3481 1002 3531 30
1028 3477 1082 3528 fori
1111 3493 1177 3544 eqo.-

204 3542 255 3591 otii
273 3544 318 3604 111
334 3541 421 3607 palati
438 3543 526 3593 officii
543 3546 566 3592 A
